%% This BibTeX bibliography file was created using BibDesk.
%% http://bibdesk.sourceforge.net/


%% Created for bsimonbo at 2016-01-25 19:26:03 +0100 


%% Saved with string encoding Unicode (UTF-8) 



@article{Hoenen2015aa,
	Author = {Hoenen, T and Groseth, A and Rosenke, K and Fischer, RJ and Hoenen, A and Judson, SD},
	Date-Added = {2016-01-19 15:44:01 +0000},
	Date-Modified = {2016-01-25 18:16:43 +0000},
	Journal = {Emerg Infect Dis.},
	Title = {Nanopore sequencing as a rapidly deployable Ebola outbreak response tool.},
	Year = {2015},
	Bdsk-File-1 = {YnBsaXN0MDDUAQIDBAUGJCVYJHZlcnNpb25YJG9iamVjdHNZJGFyY2hpdmVyVCR0b3ASAAGGoKgHCBMUFRYaIVUkbnVsbNMJCgsMDxJXTlMua2V5c1pOUy5vYmplY3RzViRjbGFzc6INDoACgAOiEBGABIAFgAdccmVsYXRpdmVQYXRoWWFsaWFzRGF0YV8QNi4uL0JpYmxpb2dyYXBoaWUvSG9lbmVuIGV0IGFsLiAyMDE1IE5hbm9wb3JlIEVib2xhLnBkZtIXCxgZV05TLmRhdGFPEQJiAAAAAAJiAAIAAAxNYWNpbnRvc2ggSEQAAAAAAAAAAAAAAAAAAADP1DIgSCsAAABQnCcfSG9lbmVuIGV0IGFsLiAyMDE1IE4jNjc0MzM5LnBkZgAAAAAAAAAAAAAAAAAAAAAAAAAAAAAAAAAAAAAAAAAAAGdDOdLEGCsAAAAAAAAAAAABAAIAAAkgAAAAAAAAAAAAAAAAAAAADUJpYmxpb2dyYXBoaWUAABAACAAAz9QWAAAAABEACAAA0sQKGwAAAAEAIABQnCcAJr7qACsAMwAKP3sACj6fAAk2bAAJNmsAAmb5AAIAg01hY2ludG9zaCBIRDpVc2VyczoAcGllcnJlLWxvdWlzc3RlbmdlcjoARG9jdW1lbnRzOgBDb3VycyBmYWM6AE1hc3RlcjoAUzM6AFN0YWdlIE0yOgBCaWJsaW9ncmFwaGllOgBIb2VuZW4gZXQgYWwuIDIwMTUgTiM2NzQzMzkucGRmAAAOAEwAJQBIAG8AZQBuAGUAbgAgAGUAdAAgAGEAbAAuACAAMgAwADEANQAgAE4AYQBuAG8AcABvAHIAZQAgAEUAYgBvAGwAYQAuAHAAZABmAA8AGgAMAE0AYQBjAGkAbgB0AG8AcwBoACAASABEABIAdFVzZXJzL3BpZXJyZS1sb3Vpc3N0ZW5nZXIvRG9jdW1lbnRzL0NvdXJzIGZhYy9NYXN0ZXIvUzMvU3RhZ2UgTTIvQmlibGlvZ3JhcGhpZS9Ib2VuZW4gZXQgYWwuIDIwMTUgTmFub3BvcmUgRWJvbGEucGRmABMAAS8AABUAAgAa//8AAIAG0hscHR5aJGNsYXNzbmFtZVgkY2xhc3Nlc11OU011dGFibGVEYXRhox0fIFZOU0RhdGFYTlNPYmplY3TSGxwiI1xOU0RpY3Rpb25hcnmiIiBfEA9OU0tleWVkQXJjaGl2ZXLRJidUcm9vdIABAAgAEQAaACMALQAyADcAQABGAE0AVQBgAGcAagBsAG4AcQBzAHUAdwCEAI4AxwDMANQDOgM8A0EDTANVA2MDZwNuA3cDfAOJA4wDngOhA6YAAAAAAAACAQAAAAAAAAAoAAAAAAAAAAAAAAAAAAADqA==}}

@article{benitez2015species,
	Author = {Benitez-Paez, Alfonso and Portune, Kevin and Sanz, Yolanda},
	Date-Added = {2016-01-19 15:38:19 +0000},
	Date-Modified = {2016-01-19 15:38:19 +0000},
	Journal = {bioRxiv},
	Pages = {021758},
	Publisher = {Cold Spring Harbor Labs Journals},
	Title = {Species level resolution of 16S rRNA gene amplicons sequenced through MinIONTM portable nanopore sequencer},
	Year = {2015},
	Bdsk-File-1 = {YnBsaXN0MDDUAQIDBAUGJCVYJHZlcnNpb25YJG9iamVjdHNZJGFyY2hpdmVyVCR0b3ASAAGGoKgHCBMUFRYaIVUkbnVsbNMJCgsMDxJXTlMua2V5c1pOUy5vYmplY3RzViRjbGFzc6INDoACgAOiEBGABIAFgAdccmVsYXRpdmVQYXRoWWFsaWFzRGF0YV8QMy4uL0JpYmxpb2dyYXBoaWUvQmVuaXRleiBldCBhbC4gMjAxNiBNaW5JT04gMTZTLnBkZtIXCxgZV05TLmRhdGFPEQJaAAAAAAJaAAIAAAxNYWNpbnRvc2ggSEQAAAAAAAAAAAAAAAAAAADP1DIgSCsAAABQnCcfQmVuaXRleiBldCBhbC4gMjAxNiAjNjc0MUU1LnBkZgAAAAAAAAAAAAAAAAAAAAAAAAAAAAAAAAAAAAAAAAAAAGdB5dLEFrIAAAAAAAAAAAABAAIAAAkgAAAAAAAAAAAAAAAAAAAADUJpYmxpb2dyYXBoaWUAABAACAAAz9QWAAAAABEACAAA0sQIogAAAAEAIABQnCcAJr7qACsAMwAKP3sACj6fAAk2bAAJNmsAAmb5AAIAg01hY2ludG9zaCBIRDpVc2VyczoAcGllcnJlLWxvdWlzc3RlbmdlcjoARG9jdW1lbnRzOgBDb3VycyBmYWM6AE1hc3RlcjoAUzM6AFN0YWdlIE0yOgBCaWJsaW9ncmFwaGllOgBCZW5pdGV6IGV0IGFsLiAyMDE2ICM2NzQxRTUucGRmAAAOAEYAIgBCAGUAbgBpAHQAZQB6ACAAZQB0ACAAYQBsAC4AIAAyADAAMQA2ACAATQBpAG4ASQBPAE4AIAAxADYAUwAuAHAAZABmAA8AGgAMAE0AYQBjAGkAbgB0AG8AcwBoACAASABEABIAcVVzZXJzL3BpZXJyZS1sb3Vpc3N0ZW5nZXIvRG9jdW1lbnRzL0NvdXJzIGZhYy9NYXN0ZXIvUzMvU3RhZ2UgTTIvQmlibGlvZ3JhcGhpZS9CZW5pdGV6IGV0IGFsLiAyMDE2IE1pbklPTiAxNlMucGRmAAATAAEvAAAVAAIAGv//AACABtIbHB0eWiRjbGFzc25hbWVYJGNsYXNzZXNdTlNNdXRhYmxlRGF0YaMdHyBWTlNEYXRhWE5TT2JqZWN00hscIiNcTlNEaWN0aW9uYXJ5oiIgXxAPTlNLZXllZEFyY2hpdmVy0SYnVHJvb3SAAQAIABEAGgAjAC0AMgA3AEAARgBNAFUAYABnAGoAbABuAHEAcwB1AHcAhACOAMQAyQDRAy8DMQM2A0EDSgNYA1wDYwNsA3EDfgOBA5MDlgObAAAAAAAAAgEAAAAAAAAAKAAAAAAAAAAAAAAAAAAAA50=}}

@article{Quick2015aa,
	Abstract = {BACKGROUND: Foodborne outbreaks of Salmonella remain a pressing public health concern. We recently detected a large outbreak of Salmonella enterica serovar Enteritidis phage type 14b affecting more than 30 patients in our hospital. This outbreak was linked to community, national and European-wide cases. Hospital patients with Salmonella are at high risk, and require a rapid response. We initially investigated this outbreak by whole-genome sequencing using a novel rapid protocol on the Illumina MiSeq; we then integrated these data with whole-genome data from surveillance sequencing, thereby placing the outbreak in a national context. Additionally, we investigated the potential of a newly released sequencing technology, the MinION from Oxford Nanopore Technologies, in the management of a hospital outbreak of Salmonella.
RESULTS: We demonstrate that rapid MiSeq sequencing can reduce the time to answer compared to the standard sequencing protocol with no impact on the results. We show, for the first time, that the MinION can acquire clinically relevant information in real time and within minutes of a DNA library being loaded. MinION sequencing permits confident assignment to species level within 20 min. Using a novel streaming phylogenetic placement method samples can be assigned to a serotype in 40 min and determined to be part of the outbreak in less than 2 h.
CONCLUSIONS: Both approaches yielded reliable and actionable clinical information on the Salmonella outbreak in less than half a day. The rapid availability of such information may facilitate more informed epidemiological investigations and influence infection control practices.},
	Author = {Quick, Joshua and Ashton, Philip and Calus, Szymon and Chatt, Carole and Gossain, Savita and Hawker, Jeremy and Nair, Satheesh and Neal, Keith and Nye, Kathy and Peters, Tansy and De Pinna, Elizabeth and Robinson, Esther and Struthers, Keith and Webber, Mark and Catto, Andrew and Dallman, Timothy J and Hawkey, Peter and Loman, Nicholas J},
	Date-Added = {2016-01-19 15:32:49 +0000},
	Date-Modified = {2016-01-25 18:23:20 +0000},
	Doi = {10.1186/s13059-015-0677-2},
	Journal = {Genome Biol},
	Journal-Full = {Genome biology},
	Mesh = {Cross Infection; Disease Outbreaks; Hospitalization; Humans; Salmonella Infections; Salmonella enteritidis; Sequence Analysis, DNA},
	Pages = {114},
	Pmc = {PMC4702336},
	Pmid = {26025440},
	Pst = {epublish},
	Title = {Rapid draft sequencing and real-time nanopore sequencing in a hospital outbreak of Salmonella},
	Volume = {16},
	Year = {2015},
	Bdsk-File-1 = {YnBsaXN0MDDUAQIDBAUGJCVYJHZlcnNpb25YJG9iamVjdHNZJGFyY2hpdmVyVCR0b3ASAAGGoKgHCBMUFRYaIVUkbnVsbNMJCgsMDxJXTlMua2V5c1pOUy5vYmplY3RzViRjbGFzc6INDoACgAOiEBGABIAFgAdccmVsYXRpdmVQYXRoWWFsaWFzRGF0YV8QOC4uL0JpYmxpb2dyYXBoaWUvUXVpY2sgZXQgYWwuIDIwMTUgTWluSU9OIFNhbG1vbmVsbGUucGRm0hcLGBlXTlMuZGF0YU8RAmgAAAAAAmgAAgAADE1hY2ludG9zaCBIRAAAAAAAAAAAAAAAAAAAAM/UMiBIKwAAAFCcJx9RdWljayBldCBhbC4gMjAxNSBNaSM2NzQwRkYucGRmAAAAAAAAAAAAAAAAAAAAAAAAAAAAAAAAAAAAAAAAAAAAZ0D/0sQVdQAAAAAAAAAAAAEAAgAACSAAAAAAAAAAAAAAAAAAAAANQmlibGlvZ3JhcGhpZQAAEAAIAADP1BYAAAAAEQAIAADSxAdlAAAAAQAgAFCcJwAmvuoAKwAzAAo/ewAKPp8ACTZsAAk2awACZvkAAgCDTWFjaW50b3NoIEhEOlVzZXJzOgBwaWVycmUtbG91aXNzdGVuZ2VyOgBEb2N1bWVudHM6AENvdXJzIGZhYzoATWFzdGVyOgBTMzoAU3RhZ2UgTTI6AEJpYmxpb2dyYXBoaWU6AFF1aWNrIGV0IGFsLiAyMDE1IE1pIzY3NDBGRi5wZGYAAA4AUAAnAFEAdQBpAGMAawAgAGUAdAAgAGEAbAAuACAAMgAwADEANQAgAE0AaQBuAEkATwBOACAAUwBhAGwAbQBvAG4AZQBsAGwAZQAuAHAAZABmAA8AGgAMAE0AYQBjAGkAbgB0AG8AcwBoACAASABEABIAdlVzZXJzL3BpZXJyZS1sb3Vpc3N0ZW5nZXIvRG9jdW1lbnRzL0NvdXJzIGZhYy9NYXN0ZXIvUzMvU3RhZ2UgTTIvQmlibGlvZ3JhcGhpZS9RdWljayBldCBhbC4gMjAxNSBNaW5JT04gU2FsbW9uZWxsZS5wZGYAEwABLwAAFQACABr//wAAgAbSGxwdHlokY2xhc3NuYW1lWCRjbGFzc2VzXU5TTXV0YWJsZURhdGGjHR8gVk5TRGF0YVhOU09iamVjdNIbHCIjXE5TRGljdGlvbmFyeaIiIF8QD05TS2V5ZWRBcmNoaXZlctEmJ1Ryb290gAEACAARABoAIwAtADIANwBAAEYATQBVAGAAZwBqAGwAbgBxAHMAdQB3AIQAjgDJAM4A1gNCA0QDSQNUA10DawNvA3YDfwOEA5EDlAOmA6kDrgAAAAAAAAIBAAAAAAAAACgAAAAAAAAAAAAAAAAAAAOw},
	Bdsk-File-2 = {YnBsaXN0MDDUAQIDBAUGJCVYJHZlcnNpb25YJG9iamVjdHNZJGFyY2hpdmVyVCR0b3ASAAGGoKgHCBMUFRYaIVUkbnVsbNMJCgsMDxJXTlMua2V5c1pOUy5vYmplY3RzViRjbGFzc6INDoACgAOiEBGABIAFgAdccmVsYXRpdmVQYXRoWWFsaWFzRGF0YV8QMy4uL0JpYmxpb2dyYXBoaWUvQmVuaXRleiBldCBhbC4gMjAxNiBNaW5JT04gMTZTLnBkZtIXCxgZV05TLmRhdGFPEQJaAAAAAAJaAAIAAAxNYWNpbnRvc2ggSEQAAAAAAAAAAAAAAAAAAADP1DIgSCsAAABQnCcfQmVuaXRleiBldCBhbC4gMjAxNiAjNjc0MUU1LnBkZgAAAAAAAAAAAAAAAAAAAAAAAAAAAAAAAAAAAAAAAAAAAGdB5dLEFrIAAAAAAAAAAAABAAIAAAkgAAAAAAAAAAAAAAAAAAAADUJpYmxpb2dyYXBoaWUAABAACAAAz9QWAAAAABEACAAA0sQIogAAAAEAIABQnCcAJr7qACsAMwAKP3sACj6fAAk2bAAJNmsAAmb5AAIAg01hY2ludG9zaCBIRDpVc2VyczoAcGllcnJlLWxvdWlzc3RlbmdlcjoARG9jdW1lbnRzOgBDb3VycyBmYWM6AE1hc3RlcjoAUzM6AFN0YWdlIE0yOgBCaWJsaW9ncmFwaGllOgBCZW5pdGV6IGV0IGFsLiAyMDE2ICM2NzQxRTUucGRmAAAOAEYAIgBCAGUAbgBpAHQAZQB6ACAAZQB0ACAAYQBsAC4AIAAyADAAMQA2ACAATQBpAG4ASQBPAE4AIAAxADYAUwAuAHAAZABmAA8AGgAMAE0AYQBjAGkAbgB0AG8AcwBoACAASABEABIAcVVzZXJzL3BpZXJyZS1sb3Vpc3N0ZW5nZXIvRG9jdW1lbnRzL0NvdXJzIGZhYy9NYXN0ZXIvUzMvU3RhZ2UgTTIvQmlibGlvZ3JhcGhpZS9CZW5pdGV6IGV0IGFsLiAyMDE2IE1pbklPTiAxNlMucGRmAAATAAEvAAAVAAIAGv//AACABtIbHB0eWiRjbGFzc25hbWVYJGNsYXNzZXNdTlNNdXRhYmxlRGF0YaMdHyBWTlNEYXRhWE5TT2JqZWN00hscIiNcTlNEaWN0aW9uYXJ5oiIgXxAPTlNLZXllZEFyY2hpdmVy0SYnVHJvb3SAAQAIABEAGgAjAC0AMgA3AEAARgBNAFUAYABnAGoAbABuAHEAcwB1AHcAhACOAMQAyQDRAy8DMQM2A0EDSgNYA1wDYwNsA3EDfgOBA5MDlgObAAAAAAAAAgEAAAAAAAAAKAAAAAAAAAAAAAAAAAAAA50=}}

@article{bolisetty2015determining,
	Author = {Bolisetty, Mohan and Rajadinakaran, Gopinath and Graveley, Brenton},
	Date-Added = {2016-01-19 15:26:38 +0000},
	Date-Modified = {2016-01-19 15:26:38 +0000},
	Journal = {bioRxiv},
	Pages = {019752},
	Publisher = {Cold Spring Harbor Labs Journals},
	Title = {Determining Exon Connectivity in Complex mRNAs by Nanopore Sequencing},
	Year = {2015}}

@misc{nanoport,
	Author = {nanoporetech},
	Date-Added = {2016-01-19 15:10:40 +0000},
	Date-Modified = {2016-01-25 14:53:52 +0000},
	Url = {https://nanoporetech.com},
	Bdsk-Url-1 = {https://nanoporetech.com}}

@proceedings{Boyle2014aa,
	Date-Added = {2016-01-19 13:02:22 +0000},
	Date-Modified = {2016-01-25 18:12:41 +0000},
	Title = {Le s{\'e}quen{\c c}age de Nouvelle G{\'e}n{\'e}ration},
	Year = {2014},
	Bdsk-File-1 = {YnBsaXN0MDDUAQIDBAUGJCVYJHZlcnNpb25YJG9iamVjdHNZJGFyY2hpdmVyVCR0b3ASAAGGoKgHCBMUFRYaIVUkbnVsbNMJCgsMDxJXTlMua2V5c1pOUy5vYmplY3RzViRjbGFzc6INDoACgAOiEBGABIAFgAdccmVsYXRpdmVQYXRoWWFsaWFzRGF0YV8QMC4uL0JpYmxpb2dyYXBoaWUvQ291cnMgQ2hyaXN0aW5lLUJPTEUtRkVZU09ULnBkZtIXCxgZV05TLmRhdGFPEQJQAAAAAAJQAAIAAAxNYWNpbnRvc2ggSEQAAAAAAAAAAAAAAAAAAADP1DIgSCsAAABQnCcfQ291cnMgQ2hyaXN0aW5lLUJPTEUtRkVZU09ULnBkZgAAAAAAAAAAAAAAAAAAAAAAAAAAAAAAAAAAAAAAAAAAAGcr2NLD8lsAAAAAAAAAAAABAAIAAAkgAAAAAAAAAAAAAAAAAAAADUJpYmxpb2dyYXBoaWUAABAACAAAz9QWAAAAABEACAAA0sPkSwAAAAEAIABQnCcAJr7qACsAMwAKP3sACj6fAAk2bAAJNmsAAmb5AAIAg01hY2ludG9zaCBIRDpVc2VyczoAcGllcnJlLWxvdWlzc3RlbmdlcjoARG9jdW1lbnRzOgBDb3VycyBmYWM6AE1hc3RlcjoAUzM6AFN0YWdlIE0yOgBCaWJsaW9ncmFwaGllOgBDb3VycyBDaHJpc3RpbmUtQk9MRS1GRVlTT1QucGRmAAAOAEAAHwBDAG8AdQByAHMAIABDAGgAcgBpAHMAdABpAG4AZQAtAEIATwBMAEUALQBGAEUAWQBTAE8AVAAuAHAAZABmAA8AGgAMAE0AYQBjAGkAbgB0AG8AcwBoACAASABEABIAblVzZXJzL3BpZXJyZS1sb3Vpc3N0ZW5nZXIvRG9jdW1lbnRzL0NvdXJzIGZhYy9NYXN0ZXIvUzMvU3RhZ2UgTTIvQmlibGlvZ3JhcGhpZS9Db3VycyBDaHJpc3RpbmUtQk9MRS1GRVlTT1QucGRmABMAAS8AABUAAgAa//8AAIAG0hscHR5aJGNsYXNzbmFtZVgkY2xhc3Nlc11OU011dGFibGVEYXRhox0fIFZOU0RhdGFYTlNPYmplY3TSGxwiI1xOU0RpY3Rpb25hcnmiIiBfEA9OU0tleWVkQXJjaGl2ZXLRJidUcm9vdIABAAgAEQAaACMALQAyADcAQABGAE0AVQBgAGcAagBsAG4AcQBzAHUAdwCEAI4AwQDGAM4DIgMkAykDNAM9A0sDTwNWA18DZANxA3QDhgOJA44AAAAAAAACAQAAAAAAAAAoAAAAAAAAAAAAAAAAAAADkA==}}

@article{hargreaves2015assessing,
	Author = {Hargreaves, Adam D and Mulley, John F},
	Date-Added = {2016-01-19 12:57:39 +0000},
	Date-Modified = {2016-01-19 12:57:39 +0000},
	Journal = {PeerJ},
	Pages = {e1441},
	Publisher = {PeerJ Inc.},
	Title = {Assessing the utility of the Oxford Nanopore MinION for snake venom gland cDNA sequencing},
	Volume = {3},
	Year = {2015}}

@article{kitchen2008three,
	Author = {Kitchen, Andrew and Miyamoto, Michael M and Mulligan, Connie J},
	Date-Added = {2016-01-15 10:56:49 +0000},
	Date-Modified = {2016-01-15 10:56:49 +0000},
	Journal = {PLoS One},
	Number = {2},
	Pages = {e1596},
	Title = {A three-stage colonization model for the peopling of the Americas},
	Volume = {3},
	Year = {2008}}

@article{avise2000abandon,
	Author = {Avise, John C and Walker, DeEtte},
	Date-Added = {2016-01-15 10:53:11 +0000},
	Date-Modified = {2016-01-15 10:53:11 +0000},
	Journal = {Conservation Genetics},
	Number = {1},
	Pages = {77--80},
	Publisher = {Springer},
	Title = {Abandon all species concepts? A response},
	Volume = {1},
	Year = {2000},
	Bdsk-File-1 = {YnBsaXN0MDDUAQIDBAUGJCVYJHZlcnNpb25YJG9iamVjdHNZJGFyY2hpdmVyVCR0b3ASAAGGoKgHCBMUFRYaIVUkbnVsbNMJCgsMDxJXTlMua2V5c1pOUy5vYmplY3RzViRjbGFzc6INDoACgAOiEBGABIAFgAdccmVsYXRpdmVQYXRoWWFsaWFzRGF0YV8QLy4uL0JpYmxpb2dyYXBoaWUvQXZpc2UgMjAwMCAtIEFiYW5kb24gQURObXQucGRm0hcLGBlXTlMuZGF0YU8RAkwAAAAAAkwAAgAADE1hY2ludG9zaCBIRAAAAAAAAAAAAAAAAAAAAM/UMiBIKwAAAFCcJx5BdmlzZSAyMDAwIC0gQWJhbmRvbiBBRE5tdC5wZGYAAAAAAAAAAAAAAAAAAAAAAAAAAAAAAAAAAAAAAAAAAAAAZeHQ0r6N3AAAAAAAAAAAAAEAAgAACSAAAAAAAAAAAAAAAAAAAAANQmlibGlvZ3JhcGhpZQAAEAAIAADP1BYAAAAAEQAIAADSvn/MAAAAAQAgAFCcJwAmvuoAKwAzAAo/ewAKPp8ACTZsAAk2awACZvkAAgCCTWFjaW50b3NoIEhEOlVzZXJzOgBwaWVycmUtbG91aXNzdGVuZ2VyOgBEb2N1bWVudHM6AENvdXJzIGZhYzoATWFzdGVyOgBTMzoAU3RhZ2UgTTI6AEJpYmxpb2dyYXBoaWU6AEF2aXNlIDIwMDAgLSBBYmFuZG9uIEFETm10LnBkZgAOAD4AHgBBAHYAaQBzAGUAIAAyADAAMAAwACAALQAgAEEAYgBhAG4AZABvAG4AIABBAEQATgBtAHQALgBwAGQAZgAPABoADABNAGEAYwBpAG4AdABvAHMAaAAgAEgARAASAG1Vc2Vycy9waWVycmUtbG91aXNzdGVuZ2VyL0RvY3VtZW50cy9Db3VycyBmYWMvTWFzdGVyL1MzL1N0YWdlIE0yL0JpYmxpb2dyYXBoaWUvQXZpc2UgMjAwMCAtIEFiYW5kb24gQURObXQucGRmAAATAAEvAAAVAAIAGv//AACABtIbHB0eWiRjbGFzc25hbWVYJGNsYXNzZXNdTlNNdXRhYmxlRGF0YaMdHyBWTlNEYXRhWE5TT2JqZWN00hscIiNcTlNEaWN0aW9uYXJ5oiIgXxAPTlNLZXllZEFyY2hpdmVy0SYnVHJvb3SAAQAIABEAGgAjAC0AMgA3AEAARgBNAFUAYABnAGoAbABuAHEAcwB1AHcAhACOAMAAxQDNAx0DHwMkAy8DOANGA0oDUQNaA18DbANvA4EDhAOJAAAAAAAAAgEAAAAAAAAAKAAAAAAAAAAAAAAAAAAAA4s=}}

@article{kashi2006simple,
	Author = {Kashi, Yechezkel and King, David G},
	Date-Added = {2016-01-15 10:39:50 +0000},
	Date-Modified = {2016-01-15 10:39:50 +0000},
	Journal = {TRENDS in Genetics},
	Number = {5},
	Pages = {253--259},
	Publisher = {Elsevier},
	Title = {Simple sequence repeats as advantageous mutators in evolution},
	Volume = {22},
	Year = {2006},
	Bdsk-File-1 = {YnBsaXN0MDDUAQIDBAUGJCVYJHZlcnNpb25YJG9iamVjdHNZJGFyY2hpdmVyVCR0b3ASAAGGoKgHCBMUFRYaIVUkbnVsbNMJCgsMDxJXTlMua2V5c1pOUy5vYmplY3RzViRjbGFzc6INDoACgAOiEBGABIAFgAdccmVsYXRpdmVQYXRoWWFsaWFzRGF0YV8QaC4uL0JpYmxpb2dyYXBoaWUvS2FzaGkgYW5kIEtpbmcgMjAwNiAtIFNpbXBsZSBTZXF1ZW5jZSBSZXBlYXRzIGFzIEFkdmFudGFnZW91cyBNdXRhdG9ycyBpbiBFdm9sdXRpb24ucGRm0hcLGBlXTlMuZGF0YU8RAvgAAAAAAvgAAgAADE1hY2ludG9zaCBIRAAAAAAAAAAAAAAAAAAAAM/UMiBIKwAAAFCcJx9LYXNoaSBhbmQgS2luZyAyMDA2ICM2NUUwMEEucGRmAAAAAAAAAAAAAAAAAAAAAAAAAAAAAAAAAAAAAAAAAAAAZeAK0r6KywAAAAAAAAAAAAEAAgAACSAAAAAAAAAAAAAAAAAAAAANQmlibGlvZ3JhcGhpZQAAEAAIAADP1BYAAAAAEQAIAADSvny7AAAAAQAgAFCcJwAmvuoAKwAzAAo/ewAKPp8ACTZsAAk2awACZvkAAgCDTWFjaW50b3NoIEhEOlVzZXJzOgBwaWVycmUtbG91aXNzdGVuZ2VyOgBEb2N1bWVudHM6AENvdXJzIGZhYzoATWFzdGVyOgBTMzoAU3RhZ2UgTTI6AEJpYmxpb2dyYXBoaWU6AEthc2hpIGFuZCBLaW5nIDIwMDYgIzY1RTAwQS5wZGYAAA4AsABXAEsAYQBzAGgAaQAgAGEAbgBkACAASwBpAG4AZwAgADIAMAAwADYAIAAtACAAUwBpAG0AcABsAGUAIABTAGUAcQB1AGUAbgBjAGUAIABSAGUAcABlAGEAdABzACAAYQBzACAAQQBkAHYAYQBuAHQAYQBnAGUAbwB1AHMAIABNAHUAdABhAHQAbwByAHMAIABpAG4AIABFAHYAbwBsAHUAdABpAG8AbgAuAHAAZABmAA8AGgAMAE0AYQBjAGkAbgB0AG8AcwBoACAASABEABIAplVzZXJzL3BpZXJyZS1sb3Vpc3N0ZW5nZXIvRG9jdW1lbnRzL0NvdXJzIGZhYy9NYXN0ZXIvUzMvU3RhZ2UgTTIvQmlibGlvZ3JhcGhpZS9LYXNoaSBhbmQgS2luZyAyMDA2IC0gU2ltcGxlIFNlcXVlbmNlIFJlcGVhdHMgYXMgQWR2YW50YWdlb3VzIE11dGF0b3JzIGluIEV2b2x1dGlvbi5wZGYAEwABLwAAFQACABr//wAAgAbSGxwdHlokY2xhc3NuYW1lWCRjbGFzc2VzXU5TTXV0YWJsZURhdGGjHR8gVk5TRGF0YVhOU09iamVjdNIbHCIjXE5TRGljdGlvbmFyeaIiIF8QD05TS2V5ZWRBcmNoaXZlctEmJ1Ryb290gAEACAARABoAIwAtADIANwBAAEYATQBVAGAAZwBqAGwAbgBxAHMAdQB3AIQAjgD5AP4BBgQCBAQECQQUBB0EKwQvBDYEPwREBFEEVARmBGkEbgAAAAAAAAIBAAAAAAAAACgAAAAAAAAAAAAAAAAAAARw}}

@article{champe1962reversal,
	Author = {Champe, Sewell P and Benzer, Seymour},
	Date-Added = {2016-01-15 10:05:05 +0000},
	Date-Modified = {2016-01-25 17:23:45 +0000},
	Journal = {Proceedings of the National Academy of Sciences of the United States of America},
	Number = {4},
	Pages = {532},
	Publisher = {National Academy of Sciences},
	Title = {Reversal of mutant phenotypes by 5-fluorouracid: an approach to nucleotide sequences in messenger-RNA},
	Volume = {48},
	Year = {1962},
	Bdsk-File-1 = {YnBsaXN0MDDUAQIDBAUGJCVYJHZlcnNpb25YJG9iamVjdHNZJGFyY2hpdmVyVCR0b3ASAAGGoKgHCBMUFRYaIVUkbnVsbNMJCgsMDxJXTlMua2V5c1pOUy5vYmplY3RzViRjbGFzc6INDoACgAOiEBGABIAFgAdccmVsYXRpdmVQYXRoWWFsaWFzRGF0YV8QUy4uL0JpYmxpb2dyYXBoaWUvQ2hhbXBlIGFuZCBCZW56ZXIgMTk2MiAtIFNlcXVlbmNlIG51Y2xlb3RpZGlxdWUgcG91ciBwaGVub3R5cGUucGRm0hcLGBlXTlMuZGF0YU8RAroAAAAAAroAAgAADE1hY2ludG9zaCBIRAAAAAAAAAAAAAAAAAAAAM/UMiBIKwAAAFCcJx9DaGFtcGUgYW5kIEJlbnplciAxOSM2NUQ5M0IucGRmAAAAAAAAAAAAAAAAAAAAAAAAAAAAAAAAAAAAAAAAAAAAZdk70r6CnAAAAAAAAAAAAAEAAgAACSAAAAAAAAAAAAAAAAAAAAANQmlibGlvZ3JhcGhpZQAAEAAIAADP1BYAAAAAEQAIAADSvnSMAAAAAQAgAFCcJwAmvuoAKwAzAAo/ewAKPp8ACTZsAAk2awACZvkAAgCDTWFjaW50b3NoIEhEOlVzZXJzOgBwaWVycmUtbG91aXNzdGVuZ2VyOgBEb2N1bWVudHM6AENvdXJzIGZhYzoATWFzdGVyOgBTMzoAU3RhZ2UgTTI6AEJpYmxpb2dyYXBoaWU6AENoYW1wZSBhbmQgQmVuemVyIDE5IzY1RDkzQi5wZGYAAA4AhgBCAEMAaABhAG0AcABlACAAYQBuAGQAIABCAGUAbgB6AGUAcgAgADEAOQA2ADIAIAAtACAAUwBlAHEAdQBlAG4AYwBlACAAbgB1AGMAbABlAG8AdABpAGQAaQBxAHUAZQAgAHAAbwB1AHIAIABwAGgAZQBuAG8AdAB5AHAAZQAuAHAAZABmAA8AGgAMAE0AYQBjAGkAbgB0AG8AcwBoACAASABEABIAkVVzZXJzL3BpZXJyZS1sb3Vpc3N0ZW5nZXIvRG9jdW1lbnRzL0NvdXJzIGZhYy9NYXN0ZXIvUzMvU3RhZ2UgTTIvQmlibGlvZ3JhcGhpZS9DaGFtcGUgYW5kIEJlbnplciAxOTYyIC0gU2VxdWVuY2UgbnVjbGVvdGlkaXF1ZSBwb3VyIHBoZW5vdHlwZS5wZGYAABMAAS8AABUAAgAa//8AAIAG0hscHR5aJGNsYXNzbmFtZVgkY2xhc3Nlc11OU011dGFibGVEYXRhox0fIFZOU0RhdGFYTlNPYmplY3TSGxwiI1xOU0RpY3Rpb25hcnmiIiBfEA9OU0tleWVkQXJjaGl2ZXLRJidUcm9vdIABAAgAEQAaACMALQAyADcAQABGAE0AVQBgAGcAagBsAG4AcQBzAHUAdwCEAI4A5ADpAPEDrwOxA7YDwQPKA9gD3APjA+wD8QP+BAEEEwQWBBsAAAAAAAACAQAAAAAAAAAoAAAAAAAAAAAAAAAAAAAEHQ==}}

@article{o1994role,
	Author = {O'Brien, Stephen J},
	Date-Added = {2016-01-15 09:26:34 +0000},
	Date-Modified = {2016-01-15 09:26:34 +0000},
	Journal = {Proceedings of the National Academy of Sciences},
	Number = {13},
	Pages = {5748--5755},
	Publisher = {National Acad Sciences},
	Title = {A role for molecular genetics in biological conservation},
	Volume = {91},
	Year = {1994},
	Bdsk-File-1 = {YnBsaXN0MDDUAQIDBAUGJCVYJHZlcnNpb25YJG9iamVjdHNZJGFyY2hpdmVyVCR0b3ASAAGGoKgHCBMUFRYaIVUkbnVsbNMJCgsMDxJXTlMua2V5c1pOUy5vYmplY3RzViRjbGFzc6INDoACgAOiEBGABIAFgAdccmVsYXRpdmVQYXRoWWFsaWFzRGF0YV8QYy4uL0JpYmxpb2dyYXBoaWUvTydCcmllbiAxOTk0IFJldmlldyAtIEEgcm9sZSBmb3IgbW9sZWN1bGFyIGdlbmV0aWNzIGluIGJpb2xvZ2ljYWwgY29uc2VydmF0aW9uLnBkZtIXCxgZV05TLmRhdGFPEQLqAAAAAALqAAIAAAxNYWNpbnRvc2ggSEQAAAAAAAAAAAAAAAAAAADP1DIgSCsAAABQnCcfTydCcmllbiAxOTk0IFJldmlldyAjNjVENTdELnBkZgAAAAAAAAAAAAAAAAAAAAAAAAAAAAAAAAAAAAAAAAAAAGXVfdK+eYkAAAAAAAAAAAABAAIAAAkgAAAAAAAAAAAAAAAAAAAADUJpYmxpb2dyYXBoaWUAABAACAAAz9QWAAAAABEACAAA0r5reQAAAAEAIABQnCcAJr7qACsAMwAKP3sACj6fAAk2bAAJNmsAAmb5AAIAg01hY2ludG9zaCBIRDpVc2VyczoAcGllcnJlLWxvdWlzc3RlbmdlcjoARG9jdW1lbnRzOgBDb3VycyBmYWM6AE1hc3RlcjoAUzM6AFN0YWdlIE0yOgBCaWJsaW9ncmFwaGllOgBPJ0JyaWVuIDE5OTQgUmV2aWV3ICM2NUQ1N0QucGRmAAAOAKYAUgBPACcAQgByAGkAZQBuACAAMQA5ADkANAAgAFIAZQB2AGkAZQB3ACAALQAgAEEAIAByAG8AbABlACAAZgBvAHIAIABtAG8AbABlAGMAdQBsAGEAcgAgAGcAZQBuAGUAdABpAGMAcwAgAGkAbgAgAGIAaQBvAGwAbwBnAGkAYwBhAGwAIABjAG8AbgBzAGUAcgB2AGEAdABpAG8AbgAuAHAAZABmAA8AGgAMAE0AYQBjAGkAbgB0AG8AcwBoACAASABEABIAoVVzZXJzL3BpZXJyZS1sb3Vpc3N0ZW5nZXIvRG9jdW1lbnRzL0NvdXJzIGZhYy9NYXN0ZXIvUzMvU3RhZ2UgTTIvQmlibGlvZ3JhcGhpZS9PJ0JyaWVuIDE5OTQgUmV2aWV3IC0gQSByb2xlIGZvciBtb2xlY3VsYXIgZ2VuZXRpY3MgaW4gYmlvbG9naWNhbCBjb25zZXJ2YXRpb24ucGRmAAATAAEvAAAVAAIAGv//AACABtIbHB0eWiRjbGFzc25hbWVYJGNsYXNzZXNdTlNNdXRhYmxlRGF0YaMdHyBWTlNEYXRhWE5TT2JqZWN00hscIiNcTlNEaWN0aW9uYXJ5oiIgXxAPTlNLZXllZEFyY2hpdmVy0SYnVHJvb3SAAQAIABEAGgAjAC0AMgA3AEAARgBNAFUAYABnAGoAbABuAHEAcwB1AHcAhACOAPQA+QEBA+8D8QP2BAEECgQYBBwEIwQsBDEEPgRBBFMEVgRbAAAAAAAAAgEAAAAAAAAAKAAAAAAAAAAAAAAAAAAABF0=}}

@article{reusch2005ecosystem,
	Author = {Reusch, Thorsten BH and Ehlers, Anneli and H{\"a}mmerli, August and Worm, Boris},
	Date-Added = {2016-01-15 09:13:57 +0000},
	Date-Modified = {2016-01-15 09:13:57 +0000},
	Journal = {Proceedings of the National Academy of Sciences of the United States of America},
	Number = {8},
	Pages = {2826--2831},
	Publisher = {National Acad Sciences},
	Title = {Ecosystem recovery after climatic extremes enhanced by genotypic diversity},
	Volume = {102},
	Year = {2005},
	Bdsk-File-1 = {YnBsaXN0MDDUAQIDBAUGJCVYJHZlcnNpb25YJG9iamVjdHNZJGFyY2hpdmVyVCR0b3ASAAGGoKgHCBMUFRYaIVUkbnVsbNMJCgsMDxJXTlMua2V5c1pOUy5vYmplY3RzViRjbGFzc6INDoACgAOiEBGABIAFgAdccmVsYXRpdmVQYXRoWWFsaWFzRGF0YV8Qci4uL0JpYmxpb2dyYXBoaWUvUmV1c2NoIGV0IGFsLiAyMDA1IEVjb3N5c3RlbSByZWNvdmVyeSBhZnRlciBjbGltYXRpYyBleHRyZW1lcyBlbmhhbmNlZCBieSBnZW5vdHlwaWMgZGl2ZXJzaXR5LnBkZtIXCxgZV05TLmRhdGFPEQMWAAAAAAMWAAIAAAxNYWNpbnRvc2ggSEQAAAAAAAAAAAAAAAAAAADP1DIgSCsAAABQnCcfUmV1c2NoIGV0IGFsLiAyMDA1IEUjNjVENDA1LnBkZgAAAAAAAAAAAAAAAAAAAAAAAAAAAAAAAAAAAAAAAAAAAGXUBdK+dlIAAAAAAAAAAAABAAIAAAkgAAAAAAAAAAAAAAAAAAAADUJpYmxpb2dyYXBoaWUAABAACAAAz9QWAAAAABEACAAA0r5oQgAAAAEAIABQnCcAJr7qACsAMwAKP3sACj6fAAk2bAAJNmsAAmb5AAIAg01hY2ludG9zaCBIRDpVc2VyczoAcGllcnJlLWxvdWlzc3RlbmdlcjoARG9jdW1lbnRzOgBDb3VycyBmYWM6AE1hc3RlcjoAUzM6AFN0YWdlIE0yOgBCaWJsaW9ncmFwaGllOgBSZXVzY2ggZXQgYWwuIDIwMDUgRSM2NUQ0MDUucGRmAAAOAMQAYQBSAGUAdQBzAGMAaAAgAGUAdAAgAGEAbAAuACAAMgAwADAANQAgAEUAYwBvAHMAeQBzAHQAZQBtACAAcgBlAGMAbwB2AGUAcgB5ACAAYQBmAHQAZQByACAAYwBsAGkAbQBhAHQAaQBjACAAZQB4AHQAcgBlAG0AZQBzACAAZQBuAGgAYQBuAGMAZQBkACAAYgB5ACAAZwBlAG4AbwB0AHkAcABpAGMAIABkAGkAdgBlAHIAcwBpAHQAeQAuAHAAZABmAA8AGgAMAE0AYQBjAGkAbgB0AG8AcwBoACAASABEABIAsFVzZXJzL3BpZXJyZS1sb3Vpc3N0ZW5nZXIvRG9jdW1lbnRzL0NvdXJzIGZhYy9NYXN0ZXIvUzMvU3RhZ2UgTTIvQmlibGlvZ3JhcGhpZS9SZXVzY2ggZXQgYWwuIDIwMDUgRWNvc3lzdGVtIHJlY292ZXJ5IGFmdGVyIGNsaW1hdGljIGV4dHJlbWVzIGVuaGFuY2VkIGJ5IGdlbm90eXBpYyBkaXZlcnNpdHkucGRmABMAAS8AABUAAgAa//8AAIAG0hscHR5aJGNsYXNzbmFtZVgkY2xhc3Nlc11OU011dGFibGVEYXRhox0fIFZOU0RhdGFYTlNPYmplY3TSGxwiI1xOU0RpY3Rpb25hcnmiIiBfEA9OU0tleWVkQXJjaGl2ZXLRJidUcm9vdIABAAgAEQAaACMALQAyADcAQABGAE0AVQBgAGcAagBsAG4AcQBzAHUAdwCEAI4BAwEIARAEKgQsBDEEPARFBFMEVwReBGcEbAR5BHwEjgSRBJYAAAAAAAACAQAAAAAAAAAoAAAAAAAAAAAAAAAAAAAEmA==}}

@article{lynch2003origins,
	Author = {Lynch, Michael and Conery, John S},
	Date-Added = {2016-01-15 08:50:01 +0000},
	Date-Modified = {2016-01-15 08:50:01 +0000},
	Journal = {science},
	Number = {5649},
	Pages = {1401--1404},
	Publisher = {American Association for the Advancement of Science},
	Title = {The origins of genome complexity},
	Volume = {302},
	Year = {2003},
	Bdsk-File-1 = {YnBsaXN0MDDUAQIDBAUGJCVYJHZlcnNpb25YJG9iamVjdHNZJGFyY2hpdmVyVCR0b3ASAAGGoKgHCBMUFRYaIVUkbnVsbNMJCgsMDxJXTlMua2V5c1pOUy5vYmplY3RzViRjbGFzc6INDoACgAOiEBGABIAFgAdccmVsYXRpdmVQYXRoWWFsaWFzRGF0YV8QSy4uL0JpYmxpb2dyYXBoaWUvTHluY2ggYW5kIENvbmVyeSAyMDAzIFRoZSBvcmlnaW5zIG9mIGdlbm9tZSBjb21wbGV4aXR5LnBkZtIXCxgZV05TLmRhdGFPEQKiAAAAAAKiAAIAAAxNYWNpbnRvc2ggSEQAAAAAAAAAAAAAAAAAAADP1DIgSCsAAABQnCcfTHluY2ggYW5kIENvbmVyeSAyMDAjNjVEMDU1LnBkZgAAAAAAAAAAAAAAAAAAAAAAAAAAAAAAAAAAAAAAAAAAAGXQVdK+cPQAAAAAAAAAAAABAAIAAAkgAAAAAAAAAAAAAAAAAAAADUJpYmxpb2dyYXBoaWUAABAACAAAz9QWAAAAABEACAAA0r5i5AAAAAEAIABQnCcAJr7qACsAMwAKP3sACj6fAAk2bAAJNmsAAmb5AAIAg01hY2ludG9zaCBIRDpVc2VyczoAcGllcnJlLWxvdWlzc3RlbmdlcjoARG9jdW1lbnRzOgBDb3VycyBmYWM6AE1hc3RlcjoAUzM6AFN0YWdlIE0yOgBCaWJsaW9ncmFwaGllOgBMeW5jaCBhbmQgQ29uZXJ5IDIwMCM2NUQwNTUucGRmAAAOAHYAOgBMAHkAbgBjAGgAIABhAG4AZAAgAEMAbwBuAGUAcgB5ACAAMgAwADAAMwAgAFQAaABlACAAbwByAGkAZwBpAG4AcwAgAG8AZgAgAGcAZQBuAG8AbQBlACAAYwBvAG0AcABsAGUAeABpAHQAeQAuAHAAZABmAA8AGgAMAE0AYQBjAGkAbgB0AG8AcwBoACAASABEABIAiVVzZXJzL3BpZXJyZS1sb3Vpc3N0ZW5nZXIvRG9jdW1lbnRzL0NvdXJzIGZhYy9NYXN0ZXIvUzMvU3RhZ2UgTTIvQmlibGlvZ3JhcGhpZS9MeW5jaCBhbmQgQ29uZXJ5IDIwMDMgVGhlIG9yaWdpbnMgb2YgZ2Vub21lIGNvbXBsZXhpdHkucGRmAAATAAEvAAAVAAIAGv//AACABtIbHB0eWiRjbGFzc25hbWVYJGNsYXNzZXNdTlNNdXRhYmxlRGF0YaMdHyBWTlNEYXRhWE5TT2JqZWN00hscIiNcTlNEaWN0aW9uYXJ5oiIgXxAPTlNLZXllZEFyY2hpdmVy0SYnVHJvb3SAAQAIABEAGgAjAC0AMgA3AEAARgBNAFUAYABnAGoAbABuAHEAcwB1AHcAhACOANwA4QDpA48DkQOWA6EDqgO4A7wDwwPMA9ED3gPhA/MD9gP7AAAAAAAAAgEAAAAAAAAAKAAAAAAAAAAAAAAAAAAAA/0=}}

@article{bazin2006population,
	Author = {Bazin, Eric and Gl{\'e}min, Sylvain and Galtier, Nicolas},
	Date-Added = {2016-01-15 08:35:50 +0000},
	Date-Modified = {2016-01-15 08:35:50 +0000},
	Journal = {Science},
	Number = {5773},
	Pages = {570--572},
	Publisher = {American Association for the Advancement of Science},
	Title = {Population size does not influence mitochondrial genetic diversity in animals},
	Volume = {312},
	Year = {2006},
	Bdsk-File-1 = {YnBsaXN0MDDUAQIDBAUGJCVYJHZlcnNpb25YJG9iamVjdHNZJGFyY2hpdmVyVCR0b3ASAAGGoKgHCBMUFRYaIVUkbnVsbNMJCgsMDxJXTlMua2V5c1pOUy5vYmplY3RzViRjbGFzc6INDoACgAOiEBGABIAFgAdccmVsYXRpdmVQYXRoWWFsaWFzRGF0YV8QTy4uL0JpYmxpb2dyYXBoaWUvQmF6aW4gZXQgYWwuIDIwMDYgUG9wIHNpemUgZG9lcyBub3QgaW5mbHVlbmNlIG1pdG8gZ2VuIGRpdi5wZGbSFwsYGVdOUy5kYXRhTxECrgAAAAACrgACAAAMTWFjaW50b3NoIEhEAAAAAAAAAAAAAAAAAAAAz9QyIEgrAAAAUJwnH0JhemluIGV0IGFsLiAyMDA2IFBvIzY1Q0NERi5wZGYAAAAAAAAAAAAAAAAAAAAAAAAAAAAAAAAAAAAAAAAAAABlzN/Svm1gAAAAAAAAAAAAAQACAAAJIAAAAAAAAAAAAAAAAAAAAA1CaWJsaW9ncmFwaGllAAAQAAgAAM/UFgAAAAARAAgAANK+X1AAAAABACAAUJwnACa+6gArADMACj97AAo+nwAJNmwACTZrAAJm+QACAINNYWNpbnRvc2ggSEQ6VXNlcnM6AHBpZXJyZS1sb3Vpc3N0ZW5nZXI6AERvY3VtZW50czoAQ291cnMgZmFjOgBNYXN0ZXI6AFMzOgBTdGFnZSBNMjoAQmlibGlvZ3JhcGhpZToAQmF6aW4gZXQgYWwuIDIwMDYgUG8jNjVDQ0RGLnBkZgAADgB+AD4AQgBhAHoAaQBuACAAZQB0ACAAYQBsAC4AIAAyADAAMAA2ACAAUABvAHAAIABzAGkAegBlACAAZABvAGUAcwAgAG4AbwB0ACAAaQBuAGYAbAB1AGUAbgBjAGUAIABtAGkAdABvACAAZwBlAG4AIABkAGkAdgAuAHAAZABmAA8AGgAMAE0AYQBjAGkAbgB0AG8AcwBoACAASABEABIAjVVzZXJzL3BpZXJyZS1sb3Vpc3N0ZW5nZXIvRG9jdW1lbnRzL0NvdXJzIGZhYy9NYXN0ZXIvUzMvU3RhZ2UgTTIvQmlibGlvZ3JhcGhpZS9CYXppbiBldCBhbC4gMjAwNiBQb3Agc2l6ZSBkb2VzIG5vdCBpbmZsdWVuY2UgbWl0byBnZW4gZGl2LnBkZgAAEwABLwAAFQACABr//wAAgAbSGxwdHlokY2xhc3NuYW1lWCRjbGFzc2VzXU5TTXV0YWJsZURhdGGjHR8gVk5TRGF0YVhOU09iamVjdNIbHCIjXE5TRGljdGlvbmFyeaIiIF8QD05TS2V5ZWRBcmNoaXZlctEmJ1Ryb290gAEACAARABoAIwAtADIANwBAAEYATQBVAGAAZwBqAGwAbgBxAHMAdQB3AIQAjgDgAOUA7QOfA6EDpgOxA7oDyAPMA9MD3APhA+4D8QQDBAYECwAAAAAAAAIBAAAAAAAAACgAAAAAAAAAAAAAAAAAAAQN}}

@article{Pante2015aa,
	Abstract = {RAD-tag sequencing is a promising method for conducting genome-wide evolutionary studies. However, to date, only a handful of studies empirically tested its applicability above the species level. In this communication, we use RAD tags to contribute to the delimitation of species within a diverse genus of deep-sea octocorals, Chrysogorgia, for which few classical genetic markers have proved informative. Previous studies have hypothesized that single mitochondrial haplotypes can be used to delimit Chrysogorgia species. On the basis of two lanes of Illumina sequencing, we inferred phylogenetic relationships among 12 putative species that were delimited using mitochondrial data, comparing two RAD analysis pipelines (Stacks and PyRAD). The number of homologous RAD loci decreased dramatically with increasing divergence, as >70% of loci are lost when comparing specimens separated by two mutations on the 700-nt long mitochondrial phylogeny. Species delimitation hypotheses based on the mitochondrial mtMutS gene are largely supported, as six out of nine putative species represented by more than one colony were recovered as discrete, well-supported clades. Significant genetic structure (correlating with geography) was detected within one putative species, suggesting that individuals characterized by the same mtMutS haplotype may belong to distinct species. Conversely, three mtMutS haplotypes formed one well-supported clade within which no population structure was detected, also suggesting that intraspecific variation exists at mtMutS in Chrysogorgia. Despite an impressive decrease in the number of homologous loci across clades, RAD data helped us to fine-tune our interpretations of classical mitochondrial markers used in octocoral species delimitation, and discover previously undetected diversity.},
	Author = {Pante, E and Abdelkrim, J and Viricel, A and Gey, D and France, S C and Boisselier, M C and Samadi, S},
	Date-Added = {2016-01-13 10:16:24 +0000},
	Date-Modified = {2016-01-25 18:21:57 +0000},
	Doi = {10.1038/hdy.2014.105},
	Journal = {Heredity (Edinb)},
	Journal-Full = {Heredity},
	Mesh = {Animals; Anthozoa; DNA, Mitochondrial; Genetic Loci; Genetic Speciation; Haplotypes; INDEL Mutation; Phylogeny; Polymorphism, Single Nucleotide; Sequence Analysis, DNA},
	Month = {May},
	Number = {5},
	Pages = {450-9},
	Pmid = {25407078},
	Pst = {ppublish},
	Title = {Use of RAD sequencing for delimiting species},
	Volume = {114},
	Year = {2015},
	Bdsk-File-1 = {YnBsaXN0MDDUAQIDBAUGJCVYJHZlcnNpb25YJG9iamVjdHNZJGFyY2hpdmVyVCR0b3ASAAGGoKgHCBMUFRYaIVUkbnVsbNMJCgsMDxJXTlMua2V5c1pOUy5vYmplY3RzViRjbGFzc6INDoACgAOiEBGABIAFgAdccmVsYXRpdmVQYXRoWWFsaWFzRGF0YV8QPy4uL0JpYmxpb2dyYXBoaWUvUGFudGUgZXQgYWwuIDIwMTUgUkFEIGVzcGVjZXMgZGVsaW1pdGF0aW9uLnBkZtIXCxgZV05TLmRhdGFPEQJ+AAAAAAJ+AAIAAAxNYWNpbnRvc2ggSEQAAAAAAAAAAAAAAAAAAADP1DIgSCsAAABQnCcfUGFudGUgZXQgYWwuIDIwMTUgUkEjNjU1RTJBLnBkZgAAAAAAAAAAAAAAAAAAAAAAAAAAAAAAAAAAAAAAAAAAAGVeKtK74lEAAAAAAAAAAAABAAIAAAkgAAAAAAAAAAAAAAAAAAAADUJpYmxpb2dyYXBoaWUAABAACAAAz9QWAAAAABEACAAA0rvUQQAAAAEAIABQnCcAJr7qACsAMwAKP3sACj6fAAk2bAAJNmsAAmb5AAIAg01hY2ludG9zaCBIRDpVc2VyczoAcGllcnJlLWxvdWlzc3RlbmdlcjoARG9jdW1lbnRzOgBDb3VycyBmYWM6AE1hc3RlcjoAUzM6AFN0YWdlIE0yOgBCaWJsaW9ncmFwaGllOgBQYW50ZSBldCBhbC4gMjAxNSBSQSM2NTVFMkEucGRmAAAOAF4ALgBQAGEAbgB0AGUAIABlAHQAIABhAGwALgAgADIAMAAxADUAIABSAEEARAAgAGUAcwBwAGUAYwBlAHMAIABkAGUAbABpAG0AaQB0AGEAdABpAG8AbgAuAHAAZABmAA8AGgAMAE0AYQBjAGkAbgB0AG8AcwBoACAASABEABIAfVVzZXJzL3BpZXJyZS1sb3Vpc3N0ZW5nZXIvRG9jdW1lbnRzL0NvdXJzIGZhYy9NYXN0ZXIvUzMvU3RhZ2UgTTIvQmlibGlvZ3JhcGhpZS9QYW50ZSBldCBhbC4gMjAxNSBSQUQgZXNwZWNlcyBkZWxpbWl0YXRpb24ucGRmAAATAAEvAAAVAAIAGv//AACABtIbHB0eWiRjbGFzc25hbWVYJGNsYXNzZXNdTlNNdXRhYmxlRGF0YaMdHyBWTlNEYXRhWE5TT2JqZWN00hscIiNcTlNEaWN0aW9uYXJ5oiIgXxAPTlNLZXllZEFyY2hpdmVy0SYnVHJvb3SAAQAIABEAGgAjAC0AMgA3AEAARgBNAFUAYABnAGoAbABuAHEAcwB1AHcAhACOANAA1QDdA18DYQNmA3EDegOIA4wDkwOcA6EDrgOxA8MDxgPLAAAAAAAAAgEAAAAAAAAAKAAAAAAAAAAAAAAAAAAAA80=}}

@article{Stolting2013aa,
	Abstract = {Recent advances in population genomics have triggered great interest in the genomic landscape of divergence in taxa with 'porous' species boundaries. One important obstable of previous studies of this topic was the low genomic coverage achieved. This issue can now be overcome by the use of 'next generation' or short-read DNA-sequencing approaches capable of assaying many thousands of single nucleotide polymorphisms (SNPs) in divergent species. We have scanned the 'porous' genomes of Populus alba and Populus tremula, two ecologically divergent hybridizing forest trees, using >38,000 SNPs assayed by restriction site associated DNA (RAD) sequencing. Windowed analyses indicate great variation in genetic divergence (e.g. the proportion of fixed SNPs) between species, and these results are unlikely to be strongly biased by genomic features of the Populus trichocarpa reference genome used for SNP calling. Divergence estimates were significantly autocorrelated (P < 0.01; Moran's I up to 0.6) along 11 of 19 chromosomes. Many of these autocorrelations involved low divergence blocks, thus suggesting that allele sharing was caused by recurrent gene flow rather than shared ancestral polymorphism. A conspicuous low divergence block of three megabases was detected on chromosome XIX, recently put forward as an incipient sex chromosome in Populus, and was largely congruent with introgression of mapped microsatellites in two natural hybrid zones (N > 400). Our results help explain the origin of the 'genomic mosaic' seen in these taxa with 'porous' genomes and suggest rampant introgression or extensive among-species conservation of an incipient plant sex chromosome. RAD sequencing holds great promise for detecting patterns of divergence and gene flow in highly divergent hybridizing species.},
	Author = {St{\"o}lting, Kai N and Nipper, Rick and Lindtke, Dorothea and Caseys, Celine and Waeber, Stephan and Castiglione, Stefano and Lexer, Christian},
	Date-Added = {2016-01-13 08:51:39 +0000},
	Date-Modified = {2016-01-25 18:23:36 +0000},
	Doi = {10.1111/mec.12011},
	Journal = {Mol Ecol},
	Journal-Full = {Molecular ecology},
	Mesh = {Chromosomes, Plant; DNA, Plant; Gene Flow; Genome, Plant; Genomics; Hybridization, Genetic; Microsatellite Repeats; Polymorphism, Single Nucleotide; Populus; Sequence Analysis, DNA},
	Month = {Feb},
	Number = {3},
	Pages = {842-55},
	Pmid = {22967258},
	Pst = {ppublish},
	Title = {Genomic scan for single nucleotide polymorphisms reveals patterns of divergence and gene flow between ecologically divergent species},
	Volume = {22},
	Year = {2013},
	Bdsk-File-1 = {YnBsaXN0MDDUAQIDBAUGJCVYJHZlcnNpb25YJG9iamVjdHNZJGFyY2hpdmVyVCR0b3ASAAGGoKgHCBMUFRYaIVUkbnVsbNMJCgsMDxJXTlMua2V5c1pOUy5vYmplY3RzViRjbGFzc6INDoACgAOiEBGABIAFgAdccmVsYXRpdmVQYXRoWWFsaWFzRGF0YW8QRAAuAC4ALwBCAGkAYgBsAGkAbwBnAHIAYQBwAGgAaQBlAC8ASwBhAGkAbgAgAFMAdABvAwgAbAB0AGkAbgBnACAAZQB0ACAAYQBsAC4AIAAyADAAMQAzACAAZwBlAG4AbwBtAGkAYwAgAHMAYwBhAG4AIABSAEEARAAgAHMAZQBxAC4AcABkAGbSFwsYGVdOUy5kYXRhTxECjgAAAAACjgACAAAMTWFjaW50b3NoIEhEAAAAAAAAAAAAAAAAAAAAz9QyIEgrAAAAUJwnH0thaW4gU3SabHRpbmcgZXQgYWwuIzY1NEZFMC5wZGYAAAAAAAAAAAAAAAAAAAAAAAAAAAAAAAAAAAAAAAAAAABlT+DSu85HAAAAAAAAAAAAAQACAAAJIAAAAAAAAAAAAAAAAAAAAA1CaWJsaW9ncmFwaGllAAAQAAgAAM/UFgAAAAARAAgAANK7wDcAAAABACAAUJwnACa+6gArADMACj97AAo+nwAJNmwACTZrAAJm+QACAINNYWNpbnRvc2ggSEQ6VXNlcnM6AHBpZXJyZS1sb3Vpc3N0ZW5nZXI6AERvY3VtZW50czoAQ291cnMgZmFjOgBNYXN0ZXI6AFMzOgBTdGFnZSBNMjoAQmlibGlvZ3JhcGhpZToAS2FpbiBTdJpsdGluZyBldCBhbC4jNjU0RkUwLnBkZgAADgBoADMASwBhAGkAbgAgAFMAdABvAwgAbAB0AGkAbgBnACAAZQB0ACAAYQBsAC4AIAAyADAAMQAzACAAZwBlAG4AbwBtAGkAYwAgAHMAYwBhAG4AIABSAEEARAAgAHMAZQBxAC4AcABkAGYADwAaAAwATQBhAGMAaQBuAHQAbwBzAGgAIABIAEQAEgCDVXNlcnMvcGllcnJlLWxvdWlzc3Rlbmdlci9Eb2N1bWVudHMvQ291cnMgZmFjL01hc3Rlci9TMy9TdGFnZSBNMi9CaWJsaW9ncmFwaGllL0thaW4gU3RvzIhsdGluZyBldCBhbC4gMjAxMyBnZW5vbWljIHNjYW4gUkFEIHNlcS5wZGYAABMAAS8AABUAAgAa//8AAIAG0hscHR5aJGNsYXNzbmFtZVgkY2xhc3Nlc11OU011dGFibGVEYXRhox0fIFZOU0RhdGFYTlNPYmplY3TSGxwiI1xOU0RpY3Rpb25hcnmiIiBfEA9OU0tleWVkQXJjaGl2ZXLRJidUcm9vdIABAAgAEQAaACMALQAyADcAQABGAE0AVQBgAGcAagBsAG4AcQBzAHUAdwCEAI4BGQEeASYDuAO6A78DygPTA+ED5QPsA/UD+gQHBAoEHAQfBCQAAAAAAAACAQAAAAAAAAAoAAAAAAAAAAAAAAAAAAAEJg==}}

@proceedings{PanteE2014,
	Date-Added = {2016-01-12 15:04:36 +0000},
	Date-Modified = {2016-01-25 18:21:43 +0000},
	Organization = {Eric Pante laboratoire LIENSs UMR 7266 CNRS-Universit{\'e} de La Rochelle},
	Title = {S{\'e}quen{\c c}age de RAD tags : mise en oeuvre et applications},
	Year = {2014},
	Bdsk-File-1 = {YnBsaXN0MDDUAQIDBAUGJCVYJHZlcnNpb25YJG9iamVjdHNZJGFyY2hpdmVyVCR0b3ASAAGGoKgHCBMUFRYaIVUkbnVsbNMJCgsMDxJXTlMua2V5c1pOUy5vYmplY3RzViRjbGFzc6INDoACgAOiEBGABIAFgAdccmVsYXRpdmVQYXRoWWFsaWFzRGF0YV8QOi4uL0JpYmxpb2dyYXBoaWUvRXJpY19QYW50ZV9SQUR0YWdzX3NsaWRlc19FQkEtMjAxNC0xMC5wZGbSFwsYGVdOUy5kYXRhTxECbgAAAAACbgACAAAMTWFjaW50b3NoIEhEAAAAAAAAAAAAAAAAAAAAz9QyIEgrAAAAUJwnH0VyaWNfUGFudGVfUkFEdGFnc19zIzY0NzMzQy5wZGYAAAAAAAAAAAAAAAAAAAAAAAAAAAAAAAAAAAAAAAAAAABkczzSuXOiAAAAAAAAAAAAAQACAAAJIAAAAAAAAAAAAAAAAAAAAA1CaWJsaW9ncmFwaGllAAAQAAgAAM/UFgAAAAARAAgAANK5ZZIAAAABACAAUJwnACa+6gArADMACj97AAo+nwAJNmwACTZrAAJm+QACAINNYWNpbnRvc2ggSEQ6VXNlcnM6AHBpZXJyZS1sb3Vpc3N0ZW5nZXI6AERvY3VtZW50czoAQ291cnMgZmFjOgBNYXN0ZXI6AFMzOgBTdGFnZSBNMjoAQmlibGlvZ3JhcGhpZToARXJpY19QYW50ZV9SQUR0YWdzX3MjNjQ3MzNDLnBkZgAADgBUACkARQByAGkAYwBfAFAAYQBuAHQAZQBfAFIAQQBEAHQAYQBnAHMAXwBzAGwAaQBkAGUAcwBfAEUAQgBBAC0AMgAwADEANAAtADEAMAAuAHAAZABmAA8AGgAMAE0AYQBjAGkAbgB0AG8AcwBoACAASABEABIAeFVzZXJzL3BpZXJyZS1sb3Vpc3N0ZW5nZXIvRG9jdW1lbnRzL0NvdXJzIGZhYy9NYXN0ZXIvUzMvU3RhZ2UgTTIvQmlibGlvZ3JhcGhpZS9FcmljX1BhbnRlX1JBRHRhZ3Nfc2xpZGVzX0VCQS0yMDE0LTEwLnBkZgATAAEvAAAVAAIAGv//AACABtIbHB0eWiRjbGFzc25hbWVYJGNsYXNzZXNdTlNNdXRhYmxlRGF0YaMdHyBWTlNEYXRhWE5TT2JqZWN00hscIiNcTlNEaWN0aW9uYXJ5oiIgXxAPTlNLZXllZEFyY2hpdmVy0SYnVHJvb3SAAQAIABEAGgAjAC0AMgA3AEAARgBNAFUAYABnAGoAbABuAHEAcwB1AHcAhACOAMsA0ADYA0oDTANRA1wDZQNzA3cDfgOHA4wDmQOcA64DsQO2AAAAAAAAAgEAAAAAAAAAKAAAAAAAAAAAAAAAAAAAA7g=}}

@article{haas2011chimeric,
	Author = {Haas, Brian J and Gevers, Dirk and Earl, Ashlee M and Feldgarden, Mike and Ward, Doyle V and Giannoukos, Georgia and Ciulla, Dawn and Tabbaa, Diana and Highlander, Sarah K and Sodergren, Erica and others},
	Date-Added = {2016-01-12 14:29:15 +0000},
	Date-Modified = {2016-01-12 14:29:15 +0000},
	Journal = {Genome research},
	Number = {3},
	Pages = {494--504},
	Publisher = {Cold Spring Harbor Lab},
	Title = {Chimeric 16S rRNA sequence formation and detection in Sanger and 454-pyrosequenced PCR amplicons},
	Volume = {21},
	Year = {2011}}

@article{balzer2011systematic,
	Author = {Balzer, Susanne and Malde, Ketil and Jonassen, Inge},
	Date-Added = {2016-01-12 14:10:05 +0000},
	Date-Modified = {2016-01-12 14:10:05 +0000},
	Journal = {Bioinformatics},
	Number = {13},
	Pages = {i304--i309},
	Publisher = {Oxford Univ Press},
	Title = {Systematic exploration of error sources in pyrosequencing flowgram data},
	Volume = {27},
	Year = {2011}}

@proceedings{Peyretaillade2010,
	Date-Added = {2016-01-12 14:00:05 +0000},
	Date-Modified = {2016-01-25 18:23:54 +0000},
	Organization = {Equipe d'accueil CIDAM, Facult{\'e} de Pharmacie, Universit{\'e} d'Auvergne},
	Title = {Qualit{\'e} des s{\'e}quences produites par 454: exemple de traitement},
	Year = {2010},
	Bdsk-File-1 = {YnBsaXN0MDDUAQIDBAUGJCVYJHZlcnNpb25YJG9iamVjdHNZJGFyY2hpdmVyVCR0b3ASAAGGoKgHCBMUFRYaIVUkbnVsbNMJCgsMDxJXTlMua2V5c1pOUy5vYmplY3RzViRjbGFzc6INDoACgAOiEBGABIAFgAdccmVsYXRpdmVQYXRoWWFsaWFzRGF0YW8QQgAuAC4ALwBCAGkAYgBsAGkAbwBnAHIAYQBwAGgAaQBlAC8AQwBvAHUAcgBzACAARQByAGkAYwBfAFAARQBZAFIARQBUAEEASQBMAEwAQQBEAEUAIABQAHkAcgBvAHMAZQMBAHEAdQBlAG4AYwMnAGEAZwBlACAANAA1ADQALgBwAGQAZtIXCxgZV05TLmRhdGFPEQKIAAAAAAKIAAIAAAxNYWNpbnRvc2ggSEQAAAAAAAAAAAAAAAAAAADP1DIgSCsAAABQnCcfQ291cnMgRXJpY19QRVlSRVRBSUwjNjQ5M0UyLnBkZgAAAAAAAAAAAAAAAAAAAAAAAAAAAAAAAAAAAAAAAAAAAGST4tK5l8AAAAAAAAAAAAABAAIAAAkgAAAAAAAAAAAAAAAAAAAADUJpYmxpb2dyYXBoaWUAABAACAAAz9QWAAAAABEACAAA0rmJsAAAAAEAIABQnCcAJr7qACsAMwAKP3sACj6fAAk2bAAJNmsAAmb5AAIAg01hY2ludG9zaCBIRDpVc2VyczoAcGllcnJlLWxvdWlzc3RlbmdlcjoARG9jdW1lbnRzOgBDb3VycyBmYWM6AE1hc3RlcjoAUzM6AFN0YWdlIE0yOgBCaWJsaW9ncmFwaGllOgBDb3VycyBFcmljX1BFWVJFVEFJTCM2NDkzRTIucGRmAAAOAGQAMQBDAG8AdQByAHMAIABFAHIAaQBjAF8AUABFAFkAUgBFAFQAQQBJAEwATABBAEQARQAgAFAAeQByAG8AcwBlAwEAcQB1AGUAbgBjAycAYQBnAGUAIAA0ADUANAAuAHAAZABmAA8AGgAMAE0AYQBjAGkAbgB0AG8AcwBoACAASABEABIAglVzZXJzL3BpZXJyZS1sb3Vpc3N0ZW5nZXIvRG9jdW1lbnRzL0NvdXJzIGZhYy9NYXN0ZXIvUzMvU3RhZ2UgTTIvQmlibGlvZ3JhcGhpZS9Db3VycyBFcmljX1BFWVJFVEFJTExBREUgUHlyb3NlzIFxdWVuY8ynYWdlIDQ1NC5wZGYAEwABLwAAFQACABr//wAAgAbSGxwdHlokY2xhc3NuYW1lWCRjbGFzc2VzXU5TTXV0YWJsZURhdGGjHR8gVk5TRGF0YVhOU09iamVjdNIbHCIjXE5TRGljdGlvbmFyeaIiIF8QD05TS2V5ZWRBcmNoaXZlctEmJ1Ryb290gAEACAARABoAIwAtADIANwBAAEYATQBVAGAAZwBqAGwAbgBxAHMAdQB3AIQAjgEVARoBIgOuA7ADtQPAA8kD1wPbA+ID6wPwA/0EAAQSBBUEGgAAAAAAAAIBAAAAAAAAACgAAAAAAAAAAAAAAAAAAAQc}}

@article{Knierim2011aa,
	Abstract = {Next Generation Sequencing (NGS) technologies are gaining importance in the routine clinical diagnostic setting. It is thus desirable to simplify the workflow for high-throughput diagnostics. Fragmentation of DNA is a crucial step for preparation of template libraries and various methods are currently known. Here we evaluated the performance of nebulization, sonication and random enzymatic digestion of long-range PCR products on the results of NGS. All three methods produced high-quality sequencing libraries for the 454 platform. However, if long-range PCR products of different length were pooled equimolarly, sequence coverage drastically dropped for fragments below 3,000 bp. All three methods performed equally well with regard to overall sequence quality (PHRED) and read length. Enzymatic fragmentation showed highest consistency between three library preparations but performed slightly worse than sonication and nebulization with regard to insertions/deletions in the raw sequence reads. After filtering for homopolymer errors, enzymatic fragmentation performed best if compared to the results of classic Sanger sequencing. As the overall performance of all three methods was equal with only minor differences, a fragmentation method can be chosen solely according to lab facilities, feasibility and experimental design.},
	Author = {Knierim, Ellen and Lucke, Barbara and Schwarz, Jana Marie and Schuelke, Markus and Seelow, Dominik},
	Date-Added = {2016-01-12 13:29:17 +0000},
	Date-Modified = {2016-01-25 18:16:56 +0000},
	Doi = {10.1371/journal.pone.0028240},
	Journal = {PLoS One},
	Journal-Full = {PloS one},
	Mesh = {Base Sequence; Humans; Mutagenesis, Insertional; Mutation, Missense; Polymerase Chain Reaction; Sequence Alignment; Sequence Analysis, DNA; Sequence Deletion},
	Number = {11},
	Pages = {e28240},
	Pmc = {PMC3227650},
	Pmid = {22140562},
	Pst = {ppublish},
	Title = {Systematic comparison of three methods for fragmentation of long-range PCR products for next generation sequencing},
	Volume = {6},
	Year = {2011},
	Bdsk-File-1 = {YnBsaXN0MDDUAQIDBAUGJCVYJHZlcnNpb25YJG9iamVjdHNZJGFyY2hpdmVyVCR0b3ASAAGGoKgHCBMUFRYaIVUkbnVsbNMJCgsMDxJXTlMua2V5c1pOUy5vYmplY3RzViRjbGFzc6INDoACgAOiEBGABIAFgAdccmVsYXRpdmVQYXRoWWFsaWFzRGF0YV8QXC4uL0JpYmxpb2dyYXBoaWUvS25pZXJpbSBldCBhbC4gMjAxMSBDb21wYXJhaXNvbiBkZSB0ZWNobmlxdWVzIGRlIGZyYWdtZW50YXRpb24gZGUgbCdBRE4ucGRm0hcLGBlXTlMuZGF0YU8RAtQAAAAAAtQAAgAADE1hY2ludG9zaCBIRAAAAAAAAAAAAAAAAAAAAM/UMiBIKwAAAFCcJx9LbmllcmltIGV0IGFsLiAyMDExICM2NEY1RTAucGRmAAAAAAAAAAAAAAAAAAAAAAAAAAAAAAAAAAAAAAAAAAAAZPXg0rq95QAAAAAAAAAAAAEAAgAACSAAAAAAAAAAAAAAAAAAAAANQmlibGlvZ3JhcGhpZQAAEAAIAADP1BYAAAAAEQAIAADSuq/VAAAAAQAgAFCcJwAmvuoAKwAzAAo/ewAKPp8ACTZsAAk2awACZvkAAgCDTWFjaW50b3NoIEhEOlVzZXJzOgBwaWVycmUtbG91aXNzdGVuZ2VyOgBEb2N1bWVudHM6AENvdXJzIGZhYzoATWFzdGVyOgBTMzoAU3RhZ2UgTTI6AEJpYmxpb2dyYXBoaWU6AEtuaWVyaW0gZXQgYWwuIDIwMTEgIzY0RjVFMC5wZGYAAA4AmABLAEsAbgBpAGUAcgBpAG0AIABlAHQAIABhAGwALgAgADIAMAAxADEAIABDAG8AbQBwAGEAcgBhAGkAcwBvAG4AIABkAGUAIAB0AGUAYwBoAG4AaQBxAHUAZQBzACAAZABlACAAZgByAGEAZwBtAGUAbgB0AGEAdABpAG8AbgAgAGQAZQAgAGwAJwBBAEQATgAuAHAAZABmAA8AGgAMAE0AYQBjAGkAbgB0AG8AcwBoACAASABEABIAmlVzZXJzL3BpZXJyZS1sb3Vpc3N0ZW5nZXIvRG9jdW1lbnRzL0NvdXJzIGZhYy9NYXN0ZXIvUzMvU3RhZ2UgTTIvQmlibGlvZ3JhcGhpZS9LbmllcmltIGV0IGFsLiAyMDExIENvbXBhcmFpc29uIGRlIHRlY2huaXF1ZXMgZGUgZnJhZ21lbnRhdGlvbiBkZSBsJ0FETi5wZGYAEwABLwAAFQACABr//wAAgAbSGxwdHlokY2xhc3NuYW1lWCRjbGFzc2VzXU5TTXV0YWJsZURhdGGjHR8gVk5TRGF0YVhOU09iamVjdNIbHCIjXE5TRGljdGlvbmFyeaIiIF8QD05TS2V5ZWRBcmNoaXZlctEmJ1Ryb290gAEACAARABoAIwAtADIANwBAAEYATQBVAGAAZwBqAGwAbgBxAHMAdQB3AIQAjgDtAPIA+gPSA9QD2QPkA+0D+wP/BAYEDwQUBCEEJAQ2BDkEPgAAAAAAAAIBAAAAAAAAACgAAAAAAAAAAAAAAAAAAARA}}

@article{poptsova2014non,
	Author = {Poptsova, Maria S and Il'Icheva, Irina A and Nechipurenko, Dmitry Yu and Panchenko, Larisa A and Khodikov, Mingian V and Oparina, Nina Y and Polozov, Robert V and Nechipurenko, Yury D and Grokhovsky, Sergei L},
	Date-Added = {2016-01-12 13:25:44 +0000},
	Date-Modified = {2016-01-12 13:25:44 +0000},
	Journal = {Scientific reports},
	Publisher = {Nature Publishing Group},
	Title = {Non-random DNA fragmentation in next-generation sequencing},
	Volume = {4},
	Year = {2014}}

@article{syed2009next,
	Author = {Syed, Fraz and Grunenwald, Haiying and Caruccio, Nicholas},
	Date-Added = {2016-01-12 13:24:19 +0000},
	Date-Modified = {2016-01-12 13:24:19 +0000},
	Journal = {Nature Methods},
	Number = {11},
	Publisher = {Nature Publishing Group},
	Title = {Next-generation sequencing library preparation: simultaneous fragmentation and tagging using in vitro transposition},
	Volume = {6},
	Year = {2009}}

@article{Prodromou2007aa,
	Abstract = {In addressing a new drug discovery target, the generation of tractable protein substrates for functional and structural analyses can represent a significant hurdle. Traditional approaches rely on protein expression trials of multiple variants in various systems, frequently with limited success. The increasing knowledge base derived from genomics and structural proteomics initiatives assists the bioinformatics-led design of these experiments. Nevertheless, for many eukaryotic polypeptides, particularly those with relatively few homologues, the generation of useful protein products can still be a major challenge. This review describes the basis of efforts to forge an alternative 'domain-hunting' paradigm, based upon combinatorial sampling of expression construct libraries derived by fragmentation of the encoding DNA template, namely the methods and considerations in generating fragment length DNA from target genes. An accompanying review focuses upon the expression screening of such combinatorial DNA libraries for the sampling of the corresponding set of protein fragments.},
	Author = {Prodromou, Chrisostomos and Savva, Renos and Driscoll, Paul C},
	Date-Added = {2016-01-12 12:50:27 +0000},
	Date-Modified = {2016-01-25 18:23:46 +0000},
	Doi = {10.1016/j.drudis.2007.08.012},
	Journal = {Drug Discov Today},
	Journal-Full = {Drug discovery today},
	Mesh = {Combinatorial Chemistry Techniques; DNA Fragmentation; Drug Design; Gene Library; Polymerase Chain Reaction; Proteins},
	Month = {Nov},
	Number = {21-22},
	Pages = {931-8},
	Pmid = {17993411},
	Pst = {ppublish},
	Title = {DNA fragmentation-based combinatorial approaches to soluble protein expression Part I. Generating DNA fragment libraries},
	Volume = {12},
	Year = {2007},
	Bdsk-File-1 = {YnBsaXN0MDDUAQIDBAUGJCVYJHZlcnNpb25YJG9iamVjdHNZJGFyY2hpdmVyVCR0b3ASAAGGoKgHCBMUFRYaIVUkbnVsbNMJCgsMDxJXTlMua2V5c1pOUy5vYmplY3RzViRjbGFzc6INDoACgAOiEBGABIAFgAdccmVsYXRpdmVQYXRoWWFsaWFzRGF0YW8QTgAuAC4ALwBCAGkAYgBsAGkAbwBnAHIAYQBwAGgAaQBlAC8AUAByAG8AZAByAG8AbQBvAHUAIABlAHQAIABhAGwALgAgADIAMAAwADcAIABEAE4AQQAgAGYAcgBhAGcAbQBlAG4AdABhAHQAaQBvAG4AIABwAGEAcgAgAG4AZQMBAGIAdQBsAGkAcwBhAHQAaQBvAG4ALgBwAGQAZtIXCxgZV05TLmRhdGFPEQKsAAAAAAKsAAIAAAxNYWNpbnRvc2ggSEQAAAAAAAAAAAAAAAAAAADP1DIgSCsAAABQnCcfUHJvZHJvbW91IGV0IGFsLiAyMDAjNjRFRjRDLnBkZgAAAAAAAAAAAAAAAAAAAAAAAAAAAAAAAAAAAAAAAAAAAGTvTNK6tNAAAAAAAAAAAAABAAIAAAkgAAAAAAAAAAAAAAAAAAAADUJpYmxpb2dyYXBoaWUAABAACAAAz9QWAAAAABEACAAA0rqmwAAAAAEAIABQnCcAJr7qACsAMwAKP3sACj6fAAk2bAAJNmsAAmb5AAIAg01hY2ludG9zaCBIRDpVc2VyczoAcGllcnJlLWxvdWlzc3RlbmdlcjoARG9jdW1lbnRzOgBDb3VycyBmYWM6AE1hc3RlcjoAUzM6AFN0YWdlIE0yOgBCaWJsaW9ncmFwaGllOgBQcm9kcm9tb3UgZXQgYWwuIDIwMCM2NEVGNEMucGRmAAAOAHwAPQBQAHIAbwBkAHIAbwBtAG8AdQAgAGUAdAAgAGEAbAAuACAAMgAwADAANwAgAEQATgBBACAAZgByAGEAZwBtAGUAbgB0AGEAdABpAG8AbgAgAHAAYQByACAAbgBlAwEAYgB1AGwAaQBzAGEAdABpAG8AbgAuAHAAZABmAA8AGgAMAE0AYQBjAGkAbgB0AG8AcwBoACAASABEABIAjVVzZXJzL3BpZXJyZS1sb3Vpc3N0ZW5nZXIvRG9jdW1lbnRzL0NvdXJzIGZhYy9NYXN0ZXIvUzMvU3RhZ2UgTTIvQmlibGlvZ3JhcGhpZS9Qcm9kcm9tb3UgZXQgYWwuIDIwMDcgRE5BIGZyYWdtZW50YXRpb24gcGFyIG5lzIFidWxpc2F0aW9uLnBkZgAAEwABLwAAFQACABr//wAAgAbSGxwdHlokY2xhc3NuYW1lWCRjbGFzc2VzXU5TTXV0YWJsZURhdGGjHR8gVk5TRGF0YVhOU09iamVjdNIbHCIjXE5TRGljdGlvbmFyeaIiIF8QD05TS2V5ZWRBcmNoaXZlctEmJ1Ryb290gAEACAARABoAIwAtADIANwBAAEYATQBVAGAAZwBqAGwAbgBxAHMAdQB3AIQAjgEtATIBOgPqA+wD8QP8BAUEEwQXBB4EJwQsBDkEPAROBFEEVgAAAAAAAAIBAAAAAAAAACgAAAAAAAAAAAAAAAAAAARY}}

@article{shendure2012expanding,
	Author = {Shendure, Jay and Aiden, Erez Lieberman},
	Date-Added = {2016-01-12 10:38:05 +0000},
	Date-Modified = {2016-01-12 10:38:05 +0000},
	Journal = {Nature biotechnology},
	Number = {11},
	Pages = {1084--1094},
	Publisher = {Nature Publishing Group},
	Title = {The expanding scope of DNA sequencing},
	Volume = {30},
	Year = {2012}}

@article{Wall2007aa,
	Abstract = {Two recently published papers describe nuclear DNA sequences that were obtained from the same Neanderthal fossil. Our reanalyses of the data from these studies show that they are not consistent with each other and point to serious problems with the data quality in one of the studies, possibly due to modern human DNA contaminants and/or a high rate of sequencing errors.},
	Author = {Wall, Jeffrey D and Kim, Sung K},
	Date-Added = {2016-01-12 10:15:33 +0000},
	Date-Modified = {2016-01-25 18:26:03 +0000},
	Doi = {10.1371/journal.pgen.0030175},
	Journal = {PLoS Genet},
	Journal-Full = {PLoS genetics},
	Mesh = {Alleles; Animals; DNA; DNA, Mitochondrial; Fossils; Hominidae; Humans; Phylogeny; Polymorphism, Genetic; Population Density; Sequence Analysis, DNA; Time Factors},
	Month = {Oct},
	Number = {10},
	Pages = {1862-6},
	Pmc = {PMC2014787},
	Pmid = {17937503},
	Pst = {ppublish},
	Title = {Inconsistencies in Neanderthal genomic DNA sequences},
	Volume = {3},
	Year = {2007},
	Bdsk-File-1 = {YnBsaXN0MDDUAQIDBAUGJCVYJHZlcnNpb25YJG9iamVjdHNZJGFyY2hpdmVyVCR0b3ASAAGGoKgHCBMUFRYaIVUkbnVsbNMJCgsMDxJXTlMua2V5c1pOUy5vYmplY3RzViRjbGFzc6INDoACgAOiEBGABIAFgAdccmVsYXRpdmVQYXRoWWFsaWFzRGF0YV8QSS4uL0JpYmxpb2dyYXBoaWUvV2FsbCBldCBLaW0gMjAwNyBBRE4gdHJhY2VzIGQnaG9tbWUgZGFucyBOZWFuZGVydGhhbC5wZGbSFwsYGVdOUy5kYXRhTxECnAAAAAACnAACAAAMTWFjaW50b3NoIEhEAAAAAAAAAAAAAAAAAAAAz9QyIEgrAAAAUJwnH1dhbGwgZXQgS2ltIDIwMDcgQUROIzY0RDVEOS5wZGYAAAAAAAAAAAAAAAAAAAAAAAAAAAAAAAAAAAAAAAAAAABk1dnSupCeAAAAAAAAAAAAAQACAAAJIAAAAAAAAAAAAAAAAAAAAA1CaWJsaW9ncmFwaGllAAAQAAgAAM/UFgAAAAARAAgAANK6go4AAAABACAAUJwnACa+6gArADMACj97AAo+nwAJNmwACTZrAAJm+QACAINNYWNpbnRvc2ggSEQ6VXNlcnM6AHBpZXJyZS1sb3Vpc3N0ZW5nZXI6AERvY3VtZW50czoAQ291cnMgZmFjOgBNYXN0ZXI6AFMzOgBTdGFnZSBNMjoAQmlibGlvZ3JhcGhpZToAV2FsbCBldCBLaW0gMjAwNyBBRE4jNjRENUQ5LnBkZgAADgByADgAVwBhAGwAbAAgAGUAdAAgAEsAaQBtACAAMgAwADAANwAgAEEARABOACAAdAByAGEAYwBlAHMAIABkACcAaABvAG0AbQBlACAAZABhAG4AcwAgAE4AZQBhAG4AZABlAHIAdABoAGEAbAAuAHAAZABmAA8AGgAMAE0AYQBjAGkAbgB0AG8AcwBoACAASABEABIAh1VzZXJzL3BpZXJyZS1sb3Vpc3N0ZW5nZXIvRG9jdW1lbnRzL0NvdXJzIGZhYy9NYXN0ZXIvUzMvU3RhZ2UgTTIvQmlibGlvZ3JhcGhpZS9XYWxsIGV0IEtpbSAyMDA3IEFETiB0cmFjZXMgZCdob21tZSBkYW5zIE5lYW5kZXJ0aGFsLnBkZgAAEwABLwAAFQACABr//wAAgAbSGxwdHlokY2xhc3NuYW1lWCRjbGFzc2VzXU5TTXV0YWJsZURhdGGjHR8gVk5TRGF0YVhOU09iamVjdNIbHCIjXE5TRGljdGlvbmFyeaIiIF8QD05TS2V5ZWRBcmNoaXZlctEmJ1Ryb290gAEACAARABoAIwAtADIANwBAAEYATQBVAGAAZwBqAGwAbgBxAHMAdQB3AIQAjgDaAN8A5wOHA4kDjgOZA6IDsAO0A7sDxAPJA9YD2QPrA+4D8wAAAAAAAAIBAAAAAAAAACgAAAAAAAAAAAAAAAAAAAP1}}

@article{noonan2006sequencing,
	Author = {Noonan, James P and Coop, Graham and Kudaravalli, Sridhar and Smith, Doug and Krause, Johannes and Alessi, Joe and Chen, Feng and Platt, Darren and P{\"a}{\"a}bo, Svante and Pritchard, Jonathan K and others},
	Date-Added = {2016-01-12 10:12:14 +0000},
	Date-Modified = {2016-01-12 10:12:14 +0000},
	Journal = {science},
	Number = {5802},
	Pages = {1113--1118},
	Publisher = {American Association for the Advancement of Science},
	Title = {Sequencing and analysis of Neanderthal genomic DNA},
	Volume = {314},
	Year = {2006}}

@article{green2006analysis,
	Author = {Green, Richard E and Krause, Johannes and Ptak, Susan E and Briggs, Adrian W and Ronan, Michael T and Simons, Jan F and Du, Lei and Egholm, Michael and Rothberg, Jonathan M and Paunovic, Maja and others},
	Date-Added = {2016-01-12 10:08:49 +0000},
	Date-Modified = {2016-01-12 10:08:49 +0000},
	Journal = {Nature},
	Number = {7117},
	Pages = {330--336},
	Publisher = {Nature Publishing Group},
	Title = {Analysis of one million base pairs of Neanderthal DNA},
	Volume = {444},
	Year = {2006},
	Bdsk-File-1 = {YnBsaXN0MDDUAQIDBAUGJCVYJHZlcnNpb25YJG9iamVjdHNZJGFyY2hpdmVyVCR0b3ASAAGGoKgHCBMUFRYaIVUkbnVsbNMJCgsMDxJXTlMua2V5c1pOUy5vYmplY3RzViRjbGFzc6INDoACgAOiEBGABIAFgAdccmVsYXRpdmVQYXRoWWFsaWFzRGF0YW8QSAAuAC4ALwBCAGkAYgBsAGkAbwBnAHIAYQBwAGgAaQBlAC8ARwByAGUAZQBuACAAZQB0ACAAYQBsAC4AIAAyADAAMAA2ACAATgBlAwEAYQBuAGQAZQByAHQAaABhAGwAIABEAE4AQQAgAFAAeQByAG8AcwBlAwEAcQB1AGUAbgBjAycAYQBnAGUALgBwAGQAZtIXCxgZV05TLmRhdGFPEQKcAAAAAAKcAAIAAAxNYWNpbnRvc2ggSEQAAAAAAAAAAAAAAAAAAADP1DIgSCsAAABQnCcfR3JlZW4gZXQgYWwuIDIwMDYgTo4jNjRENDFCLnBkZgAAAAAAAAAAAAAAAAAAAAAAAAAAAAAAAAAAAAAAAAAAAGTUG9K6jvEAAAAAAAAAAAABAAIAAAkgAAAAAAAAAAAAAAAAAAAADUJpYmxpb2dyYXBoaWUAABAACAAAz9QWAAAAABEACAAA0rqA4QAAAAEAIABQnCcAJr7qACsAMwAKP3sACj6fAAk2bAAJNmsAAmb5AAIAg01hY2ludG9zaCBIRDpVc2VyczoAcGllcnJlLWxvdWlzc3RlbmdlcjoARG9jdW1lbnRzOgBDb3VycyBmYWM6AE1hc3RlcjoAUzM6AFN0YWdlIE0yOgBCaWJsaW9ncmFwaGllOgBHcmVlbiBldCBhbC4gMjAwNiBOjiM2NEQ0MUIucGRmAAAOAHAANwBHAHIAZQBlAG4AIABlAHQAIABhAGwALgAgADIAMAAwADYAIABOAGUDAQBhAG4AZABlAHIAdABoAGEAbAAgAEQATgBBACAAUAB5AHIAbwBzAGUDAQBxAHUAZQBuAGMDJwBhAGcAZQAuAHAAZABmAA8AGgAMAE0AYQBjAGkAbgB0AG8AcwBoACAASABEABIAiVVzZXJzL3BpZXJyZS1sb3Vpc3N0ZW5nZXIvRG9jdW1lbnRzL0NvdXJzIGZhYy9NYXN0ZXIvUzMvU3RhZ2UgTTIvQmlibGlvZ3JhcGhpZS9HcmVlbiBldCBhbC4gMjAwNiBOZcyBYW5kZXJ0aGFsIEROQSBQeXJvc2XMgXF1ZW5jzKdhZ2UucGRmAAATAAEvAAAVAAIAGv//AACABtIbHB0eWiRjbGFzc25hbWVYJGNsYXNzZXNdTlNNdXRhYmxlRGF0YaMdHyBWTlNEYXRhWE5TT2JqZWN00hscIiNcTlNEaWN0aW9uYXJ5oiIgXxAPTlNLZXllZEFyY2hpdmVy0SYnVHJvb3SAAQAIABEAGgAjAC0AMgA3AEAARgBNAFUAYABnAGoAbABuAHEAcwB1AHcAhACOASEBJgEuA84D0APVA+AD6QP3A/sEAgQLBBAEHQQgBDIENQQ6AAAAAAAAAgEAAAAAAAAAKAAAAAAAAAAAAAAAAAAABDw=}}

@article{wheeler2008complete,
	Author = {Wheeler, David A and Srinivasan, Maithreyan and Egholm, Michael and Shen, Yufeng and Chen, Lei and McGuire, Amy and He, Wen and Chen, Yi-Ju and Makhijani, Vinod and Roth, G Thomas and others},
	Date-Added = {2016-01-12 10:00:03 +0000},
	Date-Modified = {2016-01-12 10:00:03 +0000},
	Journal = {nature},
	Number = {7189},
	Pages = {872--876},
	Publisher = {Nature Publishing Group},
	Title = {The complete genome of an individual by massively parallel DNA sequencing},
	Volume = {452},
	Year = {2008}}

@article{Margulies2005aa,
	Abstract = {The proliferation of large-scale DNA-sequencing projects in recent years has driven a search for alternative methods to reduce time and cost. Here we describe a scalable, highly parallel sequencing system with raw throughput significantly greater than that of state-of-the-art capillary electrophoresis instruments. The apparatus uses a novel fibre-optic slide of individual wells and is able to sequence 25 million bases, at 99% or better accuracy, in one four-hour run. To achieve an approximately 100-fold increase in throughput over current Sanger sequencing technology, we have developed an emulsion method for DNA amplification and an instrument for sequencing by synthesis using a pyrosequencing protocol optimized for solid support and picolitre-scale volumes. Here we show the utility, throughput, accuracy and robustness of this system by shotgun sequencing and de novo assembly of the Mycoplasma genitalium genome with 96% coverage at 99.96% accuracy in one run of the machine.},
	Author = {Margulies, Marcel and Egholm, Michael and Altman, William E and Attiya, Said and Bader, Joel S and Bemben, Lisa A and Berka, Jan and Braverman, Michael S and Chen, Yi-Ju and Chen, Zhoutao and Dewell, Scott B and Du, Lei and Fierro, Joseph M and Gomes, Xavier V and Godwin, Brian C and He, Wen and Helgesen, Scott and Ho, Chun Heen and Ho, Chun He and Irzyk, Gerard P and Jando, Szilveszter C and Alenquer, Maria L I and Jarvie, Thomas P and Jirage, Kshama B and Kim, Jong-Bum and Knight, James R and Lanza, Janna R and Leamon, John H and Lefkowitz, Steven M and Lei, Ming and Li, Jing and Lohman, Kenton L and Lu, Hong and Makhijani, Vinod B and McDade, Keith E and McKenna, Michael P and Myers, Eugene W and Nickerson, Elizabeth and Nobile, John R and Plant, Ramona and Puc, Bernard P and Ronan, Michael T and Roth, George T and Sarkis, Gary J and Simons, Jan Fredrik and Simpson, John W and Srinivasan, Maithreyan and Tartaro, Karrie R and Tomasz, Alexander and Vogt, Kari A and Volkmer, Greg A and Wang, Shally H and Wang, Yong and Weiner, Michael P and Yu, Pengguang and Begley, Richard F and Rothberg, Jonathan M},
	Date-Added = {2016-01-12 09:34:37 +0000},
	Date-Modified = {2016-01-25 18:19:03 +0000},
	Doi = {10.1038/nature03959},
	Journal = {Nature},
	Journal-Full = {Nature},
	Mesh = {Electrophoresis, Capillary; Emulsions; Fiber Optic Technology; Genome, Bacterial; Genomics; Microchemistry; Mycoplasma genitalium; Polymerase Chain Reaction; Reproducibility of Results; Sensitivity and Specificity; Sequence Analysis, DNA; Time Factors},
	Month = {Sep},
	Number = {7057},
	Pages = {376-80},
	Pmc = {PMC1464427},
	Pmid = {16056220},
	Pst = {ppublish},
	Title = {Genome sequencing in microfabricated high-density picolitre reactors},
	Volume = {437},
	Year = {2005},
	Bdsk-File-1 = {YnBsaXN0MDDUAQIDBAUGJCVYJHZlcnNpb25YJG9iamVjdHNZJGFyY2hpdmVyVCR0b3ASAAGGoKgHCBMUFRYaIVUkbnVsbNMJCgsMDxJXTlMua2V5c1pOUy5vYmplY3RzViRjbGFzc6INDoACgAOiEBGABIAFgAdccmVsYXRpdmVQYXRoWWFsaWFzRGF0YV8QQS4uL0JpYmxpb2dyYXBoaWUvTWFyY2VsIE1hcmd1bGllcyBldCBhbC4gMjAwNSB0ZWNobm9sb2dpZSA0NTQucGRm0hcLGBlXTlMuZGF0YU8RAoQAAAAAAoQAAgAADE1hY2ludG9zaCBIRAAAAAAAAAAAAAAAAAAAAM/UMiBIKwAAAFCcJx9NYXJjZWwgTWFyZ3VsaWVzIGV0ICM2NENFMzAucGRmAAAAAAAAAAAAAAAAAAAAAAAAAAAAAAAAAAAAAAAAAAAAZM4w0rqG+gAAAAAAAAAAAAEAAgAACSAAAAAAAAAAAAAAAAAAAAANQmlibGlvZ3JhcGhpZQAAEAAIAADP1BYAAAAAEQAIAADSunjqAAAAAQAgAFCcJwAmvuoAKwAzAAo/ewAKPp8ACTZsAAk2awACZvkAAgCDTWFjaW50b3NoIEhEOlVzZXJzOgBwaWVycmUtbG91aXNzdGVuZ2VyOgBEb2N1bWVudHM6AENvdXJzIGZhYzoATWFzdGVyOgBTMzoAU3RhZ2UgTTI6AEJpYmxpb2dyYXBoaWU6AE1hcmNlbCBNYXJndWxpZXMgZXQgIzY0Q0UzMC5wZGYAAA4AYgAwAE0AYQByAGMAZQBsACAATQBhAHIAZwB1AGwAaQBlAHMAIABlAHQAIABhAGwALgAgADIAMAAwADUAIAB0AGUAYwBoAG4AbwBsAG8AZwBpAGUAIAA0ADUANAAuAHAAZABmAA8AGgAMAE0AYQBjAGkAbgB0AG8AcwBoACAASABEABIAf1VzZXJzL3BpZXJyZS1sb3Vpc3N0ZW5nZXIvRG9jdW1lbnRzL0NvdXJzIGZhYy9NYXN0ZXIvUzMvU3RhZ2UgTTIvQmlibGlvZ3JhcGhpZS9NYXJjZWwgTWFyZ3VsaWVzIGV0IGFsLiAyMDA1IHRlY2hub2xvZ2llIDQ1NC5wZGYAABMAAS8AABUAAgAa//8AAIAG0hscHR5aJGNsYXNzbmFtZVgkY2xhc3Nlc11OU011dGFibGVEYXRhox0fIFZOU0RhdGFYTlNPYmplY3TSGxwiI1xOU0RpY3Rpb25hcnmiIiBfEA9OU0tleWVkQXJjaGl2ZXLRJidUcm9vdIABAAgAEQAaACMALQAyADcAQABGAE0AVQBgAGcAagBsAG4AcQBzAHUAdwCEAI4A0gDXAN8DZwNpA24DeQOCA5ADlAObA6QDqQO2A7kDywPOA9MAAAAAAAACAQAAAAAAAAAoAAAAAAAAAAAAAAAAAAAD1Q==}}

@phdthesis{sengenes2012developpement,
	Author = {Sengenes, Jennifer},
	Date-Added = {2016-01-12 09:24:40 +0000},
	Date-Modified = {2016-01-12 09:24:40 +0000},
	School = {Universit{\'e} Pierre et Marie Curie-Paris VI},
	Title = {D{\'e}veloppement de m{\'e}thodes de s{\'e}quen{\c{c}}age de seconde g{\'e}n{\'e}ration pour l'analyse des profils de m{\'e}thylation de l'ADN},
	Year = {2012},
	Bdsk-File-1 = {YnBsaXN0MDDUAQIDBAUGJCVYJHZlcnNpb25YJG9iamVjdHNZJGFyY2hpdmVyVCR0b3ASAAGGoKgHCBMUFRYaIVUkbnVsbNMJCgsMDxJXTlMua2V5c1pOUy5vYmplY3RzViRjbGFzc6INDoACgAOiEBGABIAFgAdccmVsYXRpdmVQYXRoWWFsaWFzRGF0YW8QOwAuAC4ALwBCAGkAYgBsAGkAbwBnAHIAYQBwAGgAaQBlAC8AVABoAGUAcwBlACAASgBlAG4AbgBpAGYAZQByACAAUwBFAE4ARwBFAE4ARQBTACAARQBwAGkAZwBlAwEAbgBlAwEAdABpAHEAdQBlAC4AcABkAGbSFwsYGVdOUy5kYXRhTxECdAAAAAACdAACAAAMTWFjaW50b3NoIEhEAAAAAAAAAAAAAAAAAAAAz9QyIEgrAAAAUJwnH1RoZXNlIEplbm5pZmVyIFNFTkdFIzY0Q0M5Ri5wZGYAAAAAAAAAAAAAAAAAAAAAAAAAAAAAAAAAAAAAAAAAAABkzJ/SuoSCAAAAAAAAAAAAAQACAAAJIAAAAAAAAAAAAAAAAAAAAA1CaWJsaW9ncmFwaGllAAAQAAgAAM/UFgAAAAARAAgAANK6dnIAAAABACAAUJwnACa+6gArADMACj97AAo+nwAJNmwACTZrAAJm+QACAINNYWNpbnRvc2ggSEQ6VXNlcnM6AHBpZXJyZS1sb3Vpc3N0ZW5nZXI6AERvY3VtZW50czoAQ291cnMgZmFjOgBNYXN0ZXI6AFMzOgBTdGFnZSBNMjoAQmlibGlvZ3JhcGhpZToAVGhlc2UgSmVubmlmZXIgU0VOR0UjNjRDQzlGLnBkZgAADgBWACoAVABoAGUAcwBlACAASgBlAG4AbgBpAGYAZQByACAAUwBFAE4ARwBFAE4ARQBTACAARQBwAGkAZwBlAwEAbgBlAwEAdABpAHEAdQBlAC4AcABkAGYADwAaAAwATQBhAGMAaQBuAHQAbwBzAGgAIABIAEQAEgB7VXNlcnMvcGllcnJlLWxvdWlzc3Rlbmdlci9Eb2N1bWVudHMvQ291cnMgZmFjL01hc3Rlci9TMy9TdGFnZSBNMi9CaWJsaW9ncmFwaGllL1RoZXNlIEplbm5pZmVyIFNFTkdFTkVTIEVwaWdlzIFuZcyBdGlxdWUucGRmAAATAAEvAAAVAAIAGv//AACABtIbHB0eWiRjbGFzc25hbWVYJGNsYXNzZXNdTlNNdXRhYmxlRGF0YaMdHyBWTlNEYXRhWE5TT2JqZWN00hscIiNcTlNEaWN0aW9uYXJ5oiIgXxAPTlNLZXllZEFyY2hpdmVy0SYnVHJvb3SAAQAIABEAGgAjAC0AMgA3AEAARgBNAFUAYABnAGoAbABuAHEAcwB1AHcAhACOAQcBDAEUA4wDjgOTA54DpwO1A7kDwAPJA84D2wPeA/AD8wP4AAAAAAAAAgEAAAAAAAAAKAAAAAAAAAAAAAAAAAAAA/o=}}

@article{gomez2009systematic,
	Author = {Gomez-Alvarez, Vicente and Teal, Tracy K and Schmidt, Thomas M},
	Date-Added = {2016-01-12 09:05:17 +0000},
	Date-Modified = {2016-01-12 09:05:17 +0000},
	Journal = {The ISME journal},
	Number = {11},
	Pages = {1314--1317},
	Publisher = {Nature Publishing Group},
	Title = {Systematic artifacts in metagenomes from complex microbial communities},
	Volume = {3},
	Year = {2009},
	Bdsk-File-1 = {YnBsaXN0MDDUAQIDBAUGJCVYJHZlcnNpb25YJG9iamVjdHNZJGFyY2hpdmVyVCR0b3ASAAGGoKgHCBMUFRYaIVUkbnVsbNMJCgsMDxJXTlMua2V5c1pOUy5vYmplY3RzViRjbGFzc6INDoACgAOiEBGABIAFgAdccmVsYXRpdmVQYXRoWWFsaWFzRGF0YW8QSwAuAC4ALwBCAGkAYgBsAGkAbwBnAHIAYQBwAGgAaQBlAC8ARwBvAG0AZQB6AC0AQQBsAHYAYQByAGUAegAgAGUAdAAgAGEAbAAuACAAMgAwADAAOQAgAEUAcgByAGUAdQByAHMAIABwAHkAcgBvAHMAZQMBAHEAdQBlAG4AYwMnAGEAZwBlACAANAA1ADQALgBwAGQAZtIXCxgZV05TLmRhdGFPEQKkAAAAAAKkAAIAAAxNYWNpbnRvc2ggSEQAAAAAAAAAAAAAAAAAAADP1DIgSCsAAABQnCcfR29tZXotQWx2YXJleiBldCBhbC4jNjRDN0U1LnBkZgAAAAAAAAAAAAAAAAAAAAAAAAAAAAAAAAAAAAAAAAAAAGTH5dK6gBIAAAAAAAAAAAABAAIAAAkgAAAAAAAAAAAAAAAAAAAADUJpYmxpb2dyYXBoaWUAABAACAAAz9QWAAAAABEACAAA0rpyAgAAAAEAIABQnCcAJr7qACsAMwAKP3sACj6fAAk2bAAJNmsAAmb5AAIAg01hY2ludG9zaCBIRDpVc2VyczoAcGllcnJlLWxvdWlzc3RlbmdlcjoARG9jdW1lbnRzOgBDb3VycyBmYWM6AE1hc3RlcjoAUzM6AFN0YWdlIE0yOgBCaWJsaW9ncmFwaGllOgBHb21lei1BbHZhcmV6IGV0IGFsLiM2NEM3RTUucGRmAAAOAHYAOgBHAG8AbQBlAHoALQBBAGwAdgBhAHIAZQB6ACAAZQB0ACAAYQBsAC4AIAAyADAAMAA5ACAARQByAHIAZQB1AHIAcwAgAHAAeQByAG8AcwBlAwEAcQB1AGUAbgBjAycAYQBnAGUAIAA0ADUANAAuAHAAZABmAA8AGgAMAE0AYQBjAGkAbgB0AG8AcwBoACAASABEABIAi1VzZXJzL3BpZXJyZS1sb3Vpc3N0ZW5nZXIvRG9jdW1lbnRzL0NvdXJzIGZhYy9NYXN0ZXIvUzMvU3RhZ2UgTTIvQmlibGlvZ3JhcGhpZS9Hb21lei1BbHZhcmV6IGV0IGFsLiAyMDA5IEVycmV1cnMgcHlyb3NlzIFxdWVuY8ynYWdlIDQ1NC5wZGYAABMAAS8AABUAAgAa//8AAIAG0hscHR5aJGNsYXNzbmFtZVgkY2xhc3Nlc11OU011dGFibGVEYXRhox0fIFZOU0RhdGFYTlNPYmplY3TSGxwiI1xOU0RpY3Rpb25hcnmiIiBfEA9OU0tleWVkQXJjaGl2ZXLRJidUcm9vdIABAAgAEQAaACMALQAyADcAQABGAE0AVQBgAGcAagBsAG4AcQBzAHUAdwCEAI4BJwEsATQD3APeA+MD7gP3BAUECQQQBBkEHgQrBC4EQARDBEgAAAAAAAACAQAAAAAAAAAoAAAAAAAAAAAAAAAAAAAESg==}}

@article{niu2010artificial,
	Author = {Niu, Beifang and Fu, Limin and Sun, Shulei and Li, Weizhong},
	Date-Added = {2016-01-12 09:00:57 +0000},
	Date-Modified = {2016-01-12 09:00:57 +0000},
	Journal = {BMC bioinformatics},
	Number = {1},
	Pages = {187},
	Publisher = {BioMed Central Ltd},
	Title = {Artificial and natural duplicates in pyrosequencing reads of metagenomic data},
	Volume = {11},
	Year = {2010},
	Bdsk-File-1 = {YnBsaXN0MDDUAQIDBAUGJCVYJHZlcnNpb25YJG9iamVjdHNZJGFyY2hpdmVyVCR0b3ASAAGGoKgHCBMUFRYaIVUkbnVsbNMJCgsMDxJXTlMua2V5c1pOUy5vYmplY3RzViRjbGFzc6INDoACgAOiEBGABIAFgAdccmVsYXRpdmVQYXRoWWFsaWFzRGF0YW8QRAAuAC4ALwBCAGkAYgBsAGkAbwBnAHIAYQBwAGgAaQBlAC8ATgBpAHUAIABlAHQAIABhAGwALgAgADIAMAAxADAAIABFAHIAcgBlAHUAcgBzACAAZABlACAAcAB5AHIAbwBzAGUDAQBxAHUAZQBuAGMDJwBhAGcAZQAgADQANQA0AC4AcABkAGbSFwsYGVdOUy5kYXRhTxECjgAAAAACjgACAAAMTWFjaW50b3NoIEhEAAAAAAAAAAAAAAAAAAAAz9QyIEgrAAAAUJwnH05pdSBldCBhbC4gMjAxMCBFcnJlIzY0QzcwMi5wZGYAAAAAAAAAAAAAAAAAAAAAAAAAAAAAAAAAAAAAAAAAAABkxwLSun8KAAAAAAAAAAAAAQACAAAJIAAAAAAAAAAAAAAAAAAAAA1CaWJsaW9ncmFwaGllAAAQAAgAAM/UFgAAAAARAAgAANK6cPoAAAABACAAUJwnACa+6gArADMACj97AAo+nwAJNmwACTZrAAJm+QACAINNYWNpbnRvc2ggSEQ6VXNlcnM6AHBpZXJyZS1sb3Vpc3N0ZW5nZXI6AERvY3VtZW50czoAQ291cnMgZmFjOgBNYXN0ZXI6AFMzOgBTdGFnZSBNMjoAQmlibGlvZ3JhcGhpZToATml1IGV0IGFsLiAyMDEwIEVycmUjNjRDNzAyLnBkZgAADgBoADMATgBpAHUAIABlAHQAIABhAGwALgAgADIAMAAxADAAIABFAHIAcgBlAHUAcgBzACAAZABlACAAcAB5AHIAbwBzAGUDAQBxAHUAZQBuAGMDJwBhAGcAZQAgADQANQA0AC4AcABkAGYADwAaAAwATQBhAGMAaQBuAHQAbwBzAGgAIABIAEQAEgCEVXNlcnMvcGllcnJlLWxvdWlzc3Rlbmdlci9Eb2N1bWVudHMvQ291cnMgZmFjL01hc3Rlci9TMy9TdGFnZSBNMi9CaWJsaW9ncmFwaGllL05pdSBldCBhbC4gMjAxMCBFcnJldXJzIGRlIHB5cm9zZcyBcXVlbmPMp2FnZSA0NTQucGRmABMAAS8AABUAAgAa//8AAIAG0hscHR5aJGNsYXNzbmFtZVgkY2xhc3Nlc11OU011dGFibGVEYXRhox0fIFZOU0RhdGFYTlNPYmplY3TSGxwiI1xOU0RpY3Rpb25hcnmiIiBfEA9OU0tleWVkQXJjaGl2ZXLRJidUcm9vdIABAAgAEQAaACMALQAyADcAQABGAE0AVQBgAGcAagBsAG4AcQBzAHUAdwCEAI4BGQEeASYDuAO6A78DygPTA+ED5QPsA/UD+gQHBAoEHAQfBCQAAAAAAAACAQAAAAAAAAAoAAAAAAAAAAAAAAAAAAAEJg==},
	Bdsk-File-2 = {YnBsaXN0MDDUAQIDBAUGJCVYJHZlcnNpb25YJG9iamVjdHNZJGFyY2hpdmVyVCR0b3ASAAGGoKgHCBMUFRYaIVUkbnVsbNMJCgsMDxJXTlMua2V5c1pOUy5vYmplY3RzViRjbGFzc6INDoACgAOiEBGABIAFgAdccmVsYXRpdmVQYXRoWWFsaWFzRGF0YV8QXC4uL0JpYmxpb2dyYXBoaWUvS25pZXJpbSBldCBhbC4gMjAxMSBDb21wYXJhaXNvbiBkZSB0ZWNobmlxdWVzIGRlIGZyYWdtZW50YXRpb24gZGUgbCdBRE4ucGRm0hcLGBlXTlMuZGF0YU8RAtQAAAAAAtQAAgAADE1hY2ludG9zaCBIRAAAAAAAAAAAAAAAAAAAAM/UMiBIKwAAAFCcJx9LbmllcmltIGV0IGFsLiAyMDExICM2NEY1RTAucGRmAAAAAAAAAAAAAAAAAAAAAAAAAAAAAAAAAAAAAAAAAAAAZPXg0rq95QAAAAAAAAAAAAEAAgAACSAAAAAAAAAAAAAAAAAAAAANQmlibGlvZ3JhcGhpZQAAEAAIAADP1BYAAAAAEQAIAADSuq/VAAAAAQAgAFCcJwAmvuoAKwAzAAo/ewAKPp8ACTZsAAk2awACZvkAAgCDTWFjaW50b3NoIEhEOlVzZXJzOgBwaWVycmUtbG91aXNzdGVuZ2VyOgBEb2N1bWVudHM6AENvdXJzIGZhYzoATWFzdGVyOgBTMzoAU3RhZ2UgTTI6AEJpYmxpb2dyYXBoaWU6AEtuaWVyaW0gZXQgYWwuIDIwMTEgIzY0RjVFMC5wZGYAAA4AmABLAEsAbgBpAGUAcgBpAG0AIABlAHQAIABhAGwALgAgADIAMAAxADEAIABDAG8AbQBwAGEAcgBhAGkAcwBvAG4AIABkAGUAIAB0AGUAYwBoAG4AaQBxAHUAZQBzACAAZABlACAAZgByAGEAZwBtAGUAbgB0AGEAdABpAG8AbgAgAGQAZQAgAGwAJwBBAEQATgAuAHAAZABmAA8AGgAMAE0AYQBjAGkAbgB0AG8AcwBoACAASABEABIAmlVzZXJzL3BpZXJyZS1sb3Vpc3N0ZW5nZXIvRG9jdW1lbnRzL0NvdXJzIGZhYy9NYXN0ZXIvUzMvU3RhZ2UgTTIvQmlibGlvZ3JhcGhpZS9LbmllcmltIGV0IGFsLiAyMDExIENvbXBhcmFpc29uIGRlIHRlY2huaXF1ZXMgZGUgZnJhZ21lbnRhdGlvbiBkZSBsJ0FETi5wZGYAEwABLwAAFQACABr//wAAgAbSGxwdHlokY2xhc3NuYW1lWCRjbGFzc2VzXU5TTXV0YWJsZURhdGGjHR8gVk5TRGF0YVhOU09iamVjdNIbHCIjXE5TRGljdGlvbmFyeaIiIF8QD05TS2V5ZWRBcmNoaXZlctEmJ1Ryb290gAEACAARABoAIwAtADIANwBAAEYATQBVAGAAZwBqAGwAbgBxAHMAdQB3AIQAjgDtAPIA+gPSA9QD2QPkA+0D+wP/BAYEDwQUBCEEJAQ2BDkEPgAAAAAAAAIBAAAAAAAAACgAAAAAAAAAAAAAAAAAAARA}}

@article{gilles2011accuracy,
	Author = {Gilles, Andr{\'e} and Megl{\'e}cz, Emese and Pech, Nicolas and Ferreira, St{\'e}phanie and Malausa, Thibaut and Martin, Jean-Fran{\c{c}}ois},
	Date-Added = {2016-01-12 08:57:24 +0000},
	Date-Modified = {2016-01-12 08:57:24 +0000},
	Journal = {BMC genomics},
	Number = {1},
	Pages = {245},
	Publisher = {BioMed Central Ltd},
	Title = {Accuracy and quality assessment of 454 GS-FLX Titanium pyrosequencing},
	Volume = {12},
	Year = {2011},
	Bdsk-File-1 = {YnBsaXN0MDDUAQIDBAUGJCVYJHZlcnNpb25YJG9iamVjdHNZJGFyY2hpdmVyVCR0b3ASAAGGoKgHCBMUFRYaIVUkbnVsbNMJCgsMDxJXTlMua2V5c1pOUy5vYmplY3RzViRjbGFzc6INDoACgAOiEBGABIAFgAdccmVsYXRpdmVQYXRoWWFsaWFzRGF0YW8QTQAuAC4ALwBCAGkAYgBsAGkAbwBnAHIAYQBwAGgAaQBlAC8ARwBpAGwAbABlAHMAIABlAHQAIABhAGwALgAgADIAMAAxADEAIABFAHIAcgBlAHUAcgBzACAAbABpAGUDAQBzACAAYQB1ACAAcAB5AHIAbwBzAGUDAQBxAHUAZQBuAGMDJwBhAGcAZQAgADQANQA0AC4AcABkAGbSFwsYGVdOUy5kYXRhTxECqgAAAAACqgACAAAMTWFjaW50b3NoIEhEAAAAAAAAAAAAAAAAAAAAz9QyIEgrAAAAUJwnH0dpbGxlcyBldCBhbC4gMjAxMSBFIzY0QzYzNi5wZGYAAAAAAAAAAAAAAAAAAAAAAAAAAAAAAAAAAAAAAAAAAABkxjbSun4cAAAAAAAAAAAAAQACAAAJIAAAAAAAAAAAAAAAAAAAAA1CaWJsaW9ncmFwaGllAAAQAAgAAM/UFgAAAAARAAgAANK6cAwAAAABACAAUJwnACa+6gArADMACj97AAo+nwAJNmwACTZrAAJm+QACAINNYWNpbnRvc2ggSEQ6VXNlcnM6AHBpZXJyZS1sb3Vpc3N0ZW5nZXI6AERvY3VtZW50czoAQ291cnMgZmFjOgBNYXN0ZXI6AFMzOgBTdGFnZSBNMjoAQmlibGlvZ3JhcGhpZToAR2lsbGVzIGV0IGFsLiAyMDExIEUjNjRDNjM2LnBkZgAADgB6ADwARwBpAGwAbABlAHMAIABlAHQAIABhAGwALgAgADIAMAAxADEAIABFAHIAcgBlAHUAcgBzACAAbABpAGUDAQBzACAAYQB1ACAAcAB5AHIAbwBzAGUDAQBxAHUAZQBuAGMDJwBhAGcAZQAgADQANQA0AC4AcABkAGYADwAaAAwATQBhAGMAaQBuAHQAbwBzAGgAIABIAEQAEgCOVXNlcnMvcGllcnJlLWxvdWlzc3Rlbmdlci9Eb2N1bWVudHMvQ291cnMgZmFjL01hc3Rlci9TMy9TdGFnZSBNMi9CaWJsaW9ncmFwaGllL0dpbGxlcyBldCBhbC4gMjAxMSBFcnJldXJzIGxpZcyBcyBhdSBweXJvc2XMgXF1ZW5jzKdhZ2UgNDU0LnBkZgATAAEvAAAVAAIAGv//AACABtIbHB0eWiRjbGFzc25hbWVYJGNsYXNzZXNdTlNNdXRhYmxlRGF0YaMdHyBWTlNEYXRhWE5TT2JqZWN00hscIiNcTlNEaWN0aW9uYXJ5oiIgXxAPTlNLZXllZEFyY2hpdmVy0SYnVHJvb3SAAQAIABEAGgAjAC0AMgA3AEAARgBNAFUAYABnAGoAbABuAHEAcwB1AHcAhACOASsBMAE4A+YD6APtA/gEAQQPBBMEGgQjBCgENQQ4BEoETQRSAAAAAAAAAgEAAAAAAAAAKAAAAAAAAAAAAAAAAAAABFQ=}}

@article{herrera2015rad,
	Author = {Herrera, Santiago and Shank, Timothy M},
	Date-Added = {2016-01-11 15:47:04 +0000},
	Date-Modified = {2016-01-11 15:47:04 +0000},
	Journal = {bioRxiv},
	Pages = {019745},
	Publisher = {Cold Spring Harbor Labs Journals},
	Title = {RAD sequencing enables unprecedented phylogenetic resolution and objective species delimitation in recalcitrant divergent taxa},
	Year = {2015},
	Bdsk-File-1 = {YnBsaXN0MDDUAQIDBAUGJCVYJHZlcnNpb25YJG9iamVjdHNZJGFyY2hpdmVyVCR0b3ASAAGGoKgHCBMUFRYaIVUkbnVsbNMJCgsMDxJXTlMua2V5c1pOUy5vYmplY3RzViRjbGFzc6INDoACgAOiEBGABIAFgAdccmVsYXRpdmVQYXRoWWFsaWFzRGF0YV8QIS4uL0JpYmxpb2dyYXBoaWUvSGVycmVyYSAyMDE1LnBkZtIXCxgZV05TLmRhdGFPEQIUAAAAAAIUAAIAAAxNYWNpbnRvc2ggSEQAAAAAAAAAAAAAAAAAAADP1DIgSCsAAABQnCcQSGVycmVyYSAyMDE1LnBkZgAAAAAAAAAAAAAAAAAAAAAAAAAAAAAAAAAAAAAAAAAAAAAAAAAAAAAAAAAAAAAAAGSMTNK5jNsAAAAAAAAAAAABAAIAAAkgAAAAAAAAAAAAAAAAAAAADUJpYmxpb2dyYXBoaWUAABAACAAAz9QWAAAAABEACAAA0rl+ywAAAAEAIABQnCcAJr7qACsAMwAKP3sACj6fAAk2bAAJNmsAAmb5AAIAdE1hY2ludG9zaCBIRDpVc2VyczoAcGllcnJlLWxvdWlzc3RlbmdlcjoARG9jdW1lbnRzOgBDb3VycyBmYWM6AE1hc3RlcjoAUzM6AFN0YWdlIE0yOgBCaWJsaW9ncmFwaGllOgBIZXJyZXJhIDIwMTUucGRmAA4AIgAQAEgAZQByAHIAZQByAGEAIAAyADAAMQA1AC4AcABkAGYADwAaAAwATQBhAGMAaQBuAHQAbwBzAGgAIABIAEQAEgBfVXNlcnMvcGllcnJlLWxvdWlzc3Rlbmdlci9Eb2N1bWVudHMvQ291cnMgZmFjL01hc3Rlci9TMy9TdGFnZSBNMi9CaWJsaW9ncmFwaGllL0hlcnJlcmEgMjAxNS5wZGYAABMAAS8AABUAAgAa//8AAIAG0hscHR5aJGNsYXNzbmFtZVgkY2xhc3Nlc11OU011dGFibGVEYXRhox0fIFZOU0RhdGFYTlNPYmplY3TSGxwiI1xOU0RpY3Rpb25hcnmiIiBfEA9OU0tleWVkQXJjaGl2ZXLRJidUcm9vdIABAAgAEQAaACMALQAyADcAQABGAE0AVQBgAGcAagBsAG4AcQBzAHUAdwCEAI4AsgC3AL8C1wLZAt4C6QLyAwADBAMLAxQDGQMmAykDOwM+A0MAAAAAAAACAQAAAAAAAAAoAAAAAAAAAAAAAAAAAAADRQ==}}

@article{herrera2014genome,
	Author = {Herrera, Santiago and Reyes-Herrera, Paula H and Shank, Timothy M},
	Date-Added = {2016-01-11 15:40:44 +0000},
	Date-Modified = {2016-01-11 15:40:44 +0000},
	Journal = {bioRxiv},
	Pages = {007781},
	Publisher = {Cold Spring Harbor Labs Journals},
	Title = {Genome-wide predictability of restriction sites across the eukaryotic tree of life},
	Year = {2014},
	Bdsk-File-1 = {YnBsaXN0MDDUAQIDBAUGJCVYJHZlcnNpb25YJG9iamVjdHNZJGFyY2hpdmVyVCR0b3ASAAGGoKgHCBMUFRYaIVUkbnVsbNMJCgsMDxJXTlMua2V5c1pOUy5vYmplY3RzViRjbGFzc6INDoACgAOiEBGABIAFgAdccmVsYXRpdmVQYXRoWWFsaWFzRGF0YV8QKC4uL0JpYmxpb2dyYXBoaWUvSGVycmVyYSBldCBhbC4gMjAxNC5wZGbSFwsYGVdOUy5kYXRhTxECMAAAAAACMAACAAAMTWFjaW50b3NoIEhEAAAAAAAAAAAAAAAAAAAAz9QyIEgrAAAAUJwnF0hlcnJlcmEgZXQgYWwuIDIwMTQucGRmAAAAAAAAAAAAAAAAAAAAAAAAAAAAAAAAAAAAAAAAAAAAAAAAAAAAAABkifbSuYs6AAAAAAAAAAAAAQACAAAJIAAAAAAAAAAAAAAAAAAAAA1CaWJsaW9ncmFwaGllAAAQAAgAAM/UFgAAAAARAAgAANK5fSoAAAABACAAUJwnACa+6gArADMACj97AAo+nwAJNmwACTZrAAJm+QACAHtNYWNpbnRvc2ggSEQ6VXNlcnM6AHBpZXJyZS1sb3Vpc3N0ZW5nZXI6AERvY3VtZW50czoAQ291cnMgZmFjOgBNYXN0ZXI6AFMzOgBTdGFnZSBNMjoAQmlibGlvZ3JhcGhpZToASGVycmVyYSBldCBhbC4gMjAxNC5wZGYAAA4AMAAXAEgAZQByAHIAZQByAGEAIABlAHQAIABhAGwALgAgADIAMAAxADQALgBwAGQAZgAPABoADABNAGEAYwBpAG4AdABvAHMAaAAgAEgARAASAGZVc2Vycy9waWVycmUtbG91aXNzdGVuZ2VyL0RvY3VtZW50cy9Db3VycyBmYWMvTWFzdGVyL1MzL1N0YWdlIE0yL0JpYmxpb2dyYXBoaWUvSGVycmVyYSBldCBhbC4gMjAxNC5wZGYAEwABLwAAFQACABr//wAAgAbSGxwdHlokY2xhc3NuYW1lWCRjbGFzc2VzXU5TTXV0YWJsZURhdGGjHR8gVk5TRGF0YVhOU09iamVjdNIbHCIjXE5TRGljdGlvbmFyeaIiIF8QD05TS2V5ZWRBcmNoaXZlctEmJ1Ryb290gAEACAARABoAIwAtADIANwBAAEYATQBVAGAAZwBqAGwAbgBxAHMAdQB3AIQAjgC5AL4AxgL6AvwDAQMMAxUDIwMnAy4DNwM8A0kDTANeA2EDZgAAAAAAAAIBAAAAAAAAACgAAAAAAAAAAAAAAAAAAANo}}

@article{pante2014,
	Author = {Eric Pante, Scott C. France Delphine Gey Corinne Cruaud and Sarah Samadi},
	Date-Added = {2016-01-11 15:19:40 +0000},
	Date-Modified = {2016-01-25 18:21:27 +0000},
	Journal = {Journal of Biogeography},
	Title = {An inter-ocean comparison of coral endemism on seamounts: the case of Chrysogorgia},
	Year = {2014},
	Bdsk-File-1 = {YnBsaXN0MDDUAQIDBAUGJCVYJHZlcnNpb25YJG9iamVjdHNZJGFyY2hpdmVyVCR0b3ASAAGGoKgHCBMUFRYaIVUkbnVsbNMJCgsMDxJXTlMua2V5c1pOUy5vYmplY3RzViRjbGFzc6INDoACgAOiEBGABIAFgAdccmVsYXRpdmVQYXRoWWFsaWFzRGF0YV8QNS4uL0JpYmxpb2dyYXBoaWUvUGFudGVfZXRhbF8yMDE1X0pvQl9DaHJ5c29nb3JnaWEucGRm0hcLGBlXTlMuZGF0YU8RAmAAAAAAAmAAAgAADE1hY2ludG9zaCBIRAAAAAAAAAAAAAAAAAAAAM/UMiBIKwAAAFCcJx9QYW50ZV9ldGFsXzIwMTVfSm9CXyM2NDg0MjEucGRmAAAAAAAAAAAAAAAAAAAAAAAAAAAAAAAAAAAAAAAAAAAAZIQh0rmGHAAAAAAAAAAAAAEAAgAACSAAAAAAAAAAAAAAAAAAAAANQmlibGlvZ3JhcGhpZQAAEAAIAADP1BYAAAAAEQAIAADSuXgMAAAAAQAgAFCcJwAmvuoAKwAzAAo/ewAKPp8ACTZsAAk2awACZvkAAgCDTWFjaW50b3NoIEhEOlVzZXJzOgBwaWVycmUtbG91aXNzdGVuZ2VyOgBEb2N1bWVudHM6AENvdXJzIGZhYzoATWFzdGVyOgBTMzoAU3RhZ2UgTTI6AEJpYmxpb2dyYXBoaWU6AFBhbnRlX2V0YWxfMjAxNV9Kb0JfIzY0ODQyMS5wZGYAAA4ASgAkAFAAYQBuAHQAZQBfAGUAdABhAGwAXwAyADAAMQA1AF8ASgBvAEIAXwBDAGgAcgB5AHMAbwBnAG8AcgBnAGkAYQAuAHAAZABmAA8AGgAMAE0AYQBjAGkAbgB0AG8AcwBoACAASABEABIAc1VzZXJzL3BpZXJyZS1sb3Vpc3N0ZW5nZXIvRG9jdW1lbnRzL0NvdXJzIGZhYy9NYXN0ZXIvUzMvU3RhZ2UgTTIvQmlibGlvZ3JhcGhpZS9QYW50ZV9ldGFsXzIwMTVfSm9CX0Nocnlzb2dvcmdpYS5wZGYAABMAAS8AABUAAgAa//8AAIAG0hscHR5aJGNsYXNzbmFtZVgkY2xhc3Nlc11OU011dGFibGVEYXRhox0fIFZOU0RhdGFYTlNPYmplY3TSGxwiI1xOU0RpY3Rpb25hcnmiIiBfEA9OU0tleWVkQXJjaGl2ZXLRJidUcm9vdIABAAgAEQAaACMALQAyADcAQABGAE0AVQBgAGcAagBsAG4AcQBzAHUAdwCEAI4AxgDLANMDNwM5Az4DSQNSA2ADZANrA3QDeQOGA4kDmwOeA6MAAAAAAAACAQAAAAAAAAAoAAAAAAAAAAAAAAAAAAADpQ==}}

@article{cruaud2014empirical,
	Author = {Cruaud, Astrid and Gautier, Mathieu and Galan, Maxime and Foucaud, Julien and Saun{\'e}, Laure and Genson, Gwena{\"e}lle and Dubois, Emeric and Nidelet, Sabine and Deuve, Thierry and Rasplus, Jean-Yves},
	Date-Added = {2016-01-11 15:13:48 +0000},
	Date-Modified = {2016-01-11 15:13:48 +0000},
	Journal = {Molecular biology and evolution},
	Number = {5},
	Pages = {1272--1274},
	Publisher = {SMBE},
	Title = {Empirical assessment of RAD sequencing for interspecific phylogeny},
	Volume = {31},
	Year = {2014},
	Bdsk-File-1 = {YnBsaXN0MDDUAQIDBAUGJCVYJHZlcnNpb25YJG9iamVjdHNZJGFyY2hpdmVyVCR0b3ASAAGGoKgHCBMUFRYaIVUkbnVsbNMJCgsMDxJXTlMua2V5c1pOUy5vYmplY3RzViRjbGFzc6INDoACgAOiEBGABIAFgAdccmVsYXRpdmVQYXRoWWFsaWFzRGF0YW8QOwAuAC4ALwBCAGkAYgBsAGkAbwBnAHIAYQBwAGgAaQBlAC8AQwByAHUAYQB1AGQAIABlAHQAIABhAGwALgAgADIAMAAxADQAIABSAEEARAAgAFAAaAB5AGwAbwBnAGUDAQBuAG8AbQBpAHEAdQBlAC4AcABkAGbSFwsYGVdOUy5kYXRhTxECcgAAAAACcgACAAAMTWFjaW50b3NoIEhEAAAAAAAAAAAAAAAAAAAAz9QyIEgrAAAAUJwnH0NydWF1ZCBldCBhbC4gMjAxNCBSIzY0ODM2Qi5wZGYAAAAAAAAAAAAAAAAAAAAAAAAAAAAAAAAAAAAAAAAAAABkg2vSuYTbAAAAAAAAAAAAAQACAAAJIAAAAAAAAAAAAAAAAAAAAA1CaWJsaW9ncmFwaGllAAAQAAgAAM/UFgAAAAARAAgAANK5dssAAAABACAAUJwnACa+6gArADMACj97AAo+nwAJNmwACTZrAAJm+QACAINNYWNpbnRvc2ggSEQ6VXNlcnM6AHBpZXJyZS1sb3Vpc3N0ZW5nZXI6AERvY3VtZW50czoAQ291cnMgZmFjOgBNYXN0ZXI6AFMzOgBTdGFnZSBNMjoAQmlibGlvZ3JhcGhpZToAQ3J1YXVkIGV0IGFsLiAyMDE0IFIjNjQ4MzZCLnBkZgAADgBWACoAQwByAHUAYQB1AGQAIABlAHQAIABhAGwALgAgADIAMAAxADQAIABSAEEARAAgAFAAaAB5AGwAbwBnAGUDAQBuAG8AbQBpAHEAdQBlAC4AcABkAGYADwAaAAwATQBhAGMAaQBuAHQAbwBzAGgAIABIAEQAEgB6VXNlcnMvcGllcnJlLWxvdWlzc3Rlbmdlci9Eb2N1bWVudHMvQ291cnMgZmFjL01hc3Rlci9TMy9TdGFnZSBNMi9CaWJsaW9ncmFwaGllL0NydWF1ZCBldCBhbC4gMjAxNCBSQUQgUGh5bG9nZcyBbm9taXF1ZS5wZGYAEwABLwAAFQACABr//wAAgAbSGxwdHlokY2xhc3NuYW1lWCRjbGFzc2VzXU5TTXV0YWJsZURhdGGjHR8gVk5TRGF0YVhOU09iamVjdNIbHCIjXE5TRGljdGlvbmFyeaIiIF8QD05TS2V5ZWRBcmNoaXZlctEmJ1Ryb290gAEACAARABoAIwAtADIANwBAAEYATQBVAGAAZwBqAGwAbgBxAHMAdQB3AIQAjgEHAQwBFAOKA4wDkQOcA6UDswO3A74DxwPMA9kD3APuA/ED9gAAAAAAAAIBAAAAAAAAACgAAAAAAAAAAAAAAAAAAAP4}}

@article{Reitzel2013aa,
	Abstract = {Characterization of large numbers of single-nucleotide polymorphisms (SNPs) throughout a genome has the power to refine the understanding of population demographic history and to identify genomic regions under selection in natural populations. To this end, population genomic approaches that harness the power of next-generation sequencing to understand the ecology and evolution of marine invertebrates represent a boon to test long-standing questions in marine biology and conservation. We employed restriction-site-associated DNA sequencing (RAD-seq) to identify SNPs in natural populations of the sea anemone Nematostella vectensis, an emerging cnidarian model with a broad geographic range in estuarine habitats in North and South America, and portions of England. We identified hundreds of SNP-containing tags in thousands of RAD loci from 30 barcoded individuals inhabiting four locations from Nova Scotia to South Carolina. Population genomic analyses using high-confidence SNPs resulted in a highly-resolved phylogeography, a result not achieved in previous studies using traditional markers. Plots of locus-specific FST against heterozygosity suggest that a majority of polymorphic sites are neutral, with a smaller proportion suggesting evidence for balancing selection. Loci inferred to be under balancing selection were mapped to the genome, where 90% were located in gene bodies, indicating potential targets of selection. The results from analyses with and without a reference genome supported similar conclusions, further highlighting RAD-seq as a method that can be efficiently applied to species lacking existing genomic resources. We discuss the utility of RAD-seq approaches in burgeoning Nematostella research as well as in other cnidarian species, particularly corals and jellyfishes, to determine phylogeographic relationships of populations and identify regions of the genome undergoing selection.},
	Author = {Reitzel, A M and Herrera, S and Layden, M J and Martindale, M Q and Shank, T M},
	Date-Added = {2016-01-11 15:09:52 +0000},
	Date-Modified = {2016-01-25 18:23:27 +0000},
	Doi = {10.1111/mec.12228},
	Journal = {Mol Ecol},
	Journal-Full = {Molecular ecology},
	Mesh = {Animals; Base Sequence; Biological Evolution; Chromosome Mapping; Genetic Markers; Genetic Variation; Genome; Genomics; High-Throughput Nucleotide Sequencing; Phylogeography; Polymorphism, Single Nucleotide; Sea Anemones; Sequence Analysis, DNA},
	Month = {Jun},
	Number = {11},
	Pages = {2953-70},
	Pmc = {PMC3669247},
	Pmid = {23473066},
	Pst = {ppublish},
	Title = {Going where traditional markers have not gone before: utility of and promise for RAD sequencing in marine invertebrate phylogeography and population genomics},
	Volume = {22},
	Year = {2013},
	Bdsk-File-1 = {YnBsaXN0MDDUAQIDBAUGJCVYJHZlcnNpb25YJG9iamVjdHNZJGFyY2hpdmVyVCR0b3ASAAGGoKgHCBMUFRYaIVUkbnVsbNMJCgsMDxJXTlMua2V5c1pOUy5vYmplY3RzViRjbGFzc6INDoACgAOiEBGABIAFgAdccmVsYXRpdmVQYXRoWWFsaWFzRGF0YW8QSwAuAC4ALwBCAGkAYgBsAGkAbwBnAHIAYQBwAGgAaQBlAC8AUgBlAGkAdAB6AGUAbAAgAGUAdAAgAGEAbAAuACAAMgAwADEAMwAgAFIAQQBEACAAcABoAHkAbABvAGcAZQMBAG8AZwByAGEAcABoAGkAZQAgAGkAbgB2AGUAcgB0AGUDAQBiAHIAZQMBAHMALgBwAGQAZtIXCxgZV05TLmRhdGFPEQKkAAAAAAKkAAIAAAxNYWNpbnRvc2ggSEQAAAAAAAAAAAAAAAAAAADP1DIgSCsAAABQnCcfUmVpdHplbCBldCBhbC4gMjAxMyAjNjQ4MjVCLnBkZgAAAAAAAAAAAAAAAAAAAAAAAAAAAAAAAAAAAAAAAAAAAGSCW9K5hCcAAAAAAAAAAAABAAIAAAkgAAAAAAAAAAAAAAAAAAAADUJpYmxpb2dyYXBoaWUAABAACAAAz9QWAAAAABEACAAA0rl2FwAAAAEAIABQnCcAJr7qACsAMwAKP3sACj6fAAk2bAAJNmsAAmb5AAIAg01hY2ludG9zaCBIRDpVc2VyczoAcGllcnJlLWxvdWlzc3RlbmdlcjoARG9jdW1lbnRzOgBDb3VycyBmYWM6AE1hc3RlcjoAUzM6AFN0YWdlIE0yOgBCaWJsaW9ncmFwaGllOgBSZWl0emVsIGV0IGFsLiAyMDEzICM2NDgyNUIucGRmAAAOAHYAOgBSAGUAaQB0AHoAZQBsACAAZQB0ACAAYQBsAC4AIAAyADAAMQAzACAAUgBBAEQAIABwAGgAeQBsAG8AZwBlAwEAbwBnAHIAYQBwAGgAaQBlACAAaQBuAHYAZQByAHQAZQMBAGIAcgBlAwEAcwAuAHAAZABmAA8AGgAMAE0AYQBjAGkAbgB0AG8AcwBoACAASABEABIAjFVzZXJzL3BpZXJyZS1sb3Vpc3N0ZW5nZXIvRG9jdW1lbnRzL0NvdXJzIGZhYy9NYXN0ZXIvUzMvU3RhZ2UgTTIvQmlibGlvZ3JhcGhpZS9SZWl0emVsIGV0IGFsLiAyMDEzIFJBRCBwaHlsb2dlzIFvZ3JhcGhpZSBpbnZlcnRlzIFicmXMgXMucGRmABMAAS8AABUAAgAa//8AAIAG0hscHR5aJGNsYXNzbmFtZVgkY2xhc3Nlc11OU011dGFibGVEYXRhox0fIFZOU0RhdGFYTlNPYmplY3TSGxwiI1xOU0RpY3Rpb25hcnmiIiBfEA9OU0tleWVkQXJjaGl2ZXLRJidUcm9vdIABAAgAEQAaACMALQAyADcAQABGAE0AVQBgAGcAagBsAG4AcQBzAHUAdwCEAI4BJwEsATQD3APeA+MD7gP3BAUECQQQBBkEHgQrBC4EQARDBEgAAAAAAAACAQAAAAAAAAAoAAAAAAAAAAAAAAAAAAAESg==}}

@article{Amores2011aa,
	Abstract = {Genomic resources for hundreds of species of evolutionary, agricultural, economic, and medical importance are unavailable due to the expense of well-assembled genome sequences and difficulties with multigenerational studies. Teleost fish provide many models for human disease but possess anciently duplicated genomes that sometimes obfuscate connectivity. Genomic information representing a fish lineage that diverged before the teleost genome duplication (TGD) would provide an outgroup for exploring the mechanisms of evolution after whole-genome duplication. We exploited massively parallel DNA sequencing to develop meiotic maps with thrift and speed by genotyping F(1) offspring of a single female and a single male spotted gar (Lepisosteus oculatus) collected directly from nature utilizing only polymorphisms existing in these two wild individuals. Using Stacks, software that automates the calling of genotypes from polymorphisms assayed by Illumina sequencing, we constructed a map containing 8406 markers. RNA-seq on two map-cross larvae provided a reference transcriptome that identified nearly 1000 mapped protein-coding markers and allowed genome-wide analysis of conserved synteny. Results showed that the gar lineage diverged from teleosts before the TGD and its genome is organized more similarly to that of humans than teleosts. Thus, spotted gar provides a critical link between medical models in teleost fish, to which gar is biologically similar, and humans, to which gar is genomically similar. Application of our F(1) dense mapping strategy to species with no prior genome information promises to facilitate comparative genomics and provide a scaffold for ordering the numerous contigs arising from next generation genome sequencing.},
	Author = {Amores, Angel and Catchen, Julian and Ferrara, Allyse and Fontenot, Quenton and Postlethwait, John H},
	Date-Added = {2016-01-11 15:04:03 +0000},
	Date-Modified = {2016-01-25 18:11:09 +0000},
	Doi = {10.1534/genetics.111.127324},
	Journal = {Genetics},
	Journal-Full = {Genetics},
	Mesh = {Animals; Base Sequence; Comparative Genomic Hybridization; Evolution, Molecular; Female; Fishes; Gene Duplication; Gene Expression Regulation; Gene Rearrangement; Genetic Linkage; Genome; Genomics; High-Throughput Nucleotide Sequencing; Humans; Male; Meiosis; Molecular Sequence Data; Phylogeny; Sequence Alignment; Sequence Analysis, DNA; Transcriptome},
	Month = {Aug},
	Number = {4},
	Pages = {799-808},
	Pmc = {PMC3176089},
	Pmid = {21828280},
	Pst = {ppublish},
	Title = {Genome evolution and meiotic maps by massively parallel DNA sequencing: spotted gar, an outgroup for the teleost genome duplication},
	Volume = {188},
	Year = {2011},
	Bdsk-File-1 = {YnBsaXN0MDDUAQIDBAUGJCVYJHZlcnNpb25YJG9iamVjdHNZJGFyY2hpdmVyVCR0b3ASAAGGoKgHCBMUFRYaIVUkbnVsbNMJCgsMDxJXTlMua2V5c1pOUy5vYmplY3RzViRjbGFzc6INDoACgAOiEBGABIAFgAdccmVsYXRpdmVQYXRoWWFsaWFzRGF0YV8QTS4uL0JpYmxpb2dyYXBoaWUvQW1vcmVzIGV0IGFsLiAyMDExIFJBRCBwb3VyIGdlbm9tZSBldm9sdXRpb24gTGVwaXNvc3RldXMucGRm0hcLGBlXTlMuZGF0YU8RAqgAAAAAAqgAAgAADE1hY2ludG9zaCBIRAAAAAAAAAAAAAAAAAAAAM/UMiBIKwAAAFCcJx9BbW9yZXMgZXQgYWwuIDIwMTEgUiM2NDgxNkEucGRmAAAAAAAAAAAAAAAAAAAAAAAAAAAAAAAAAAAAAAAAAAAAZIFq0rmCswAAAAAAAAAAAAEAAgAACSAAAAAAAAAAAAAAAAAAAAANQmlibGlvZ3JhcGhpZQAAEAAIAADP1BYAAAAAEQAIAADSuXSjAAAAAQAgAFCcJwAmvuoAKwAzAAo/ewAKPp8ACTZsAAk2awACZvkAAgCDTWFjaW50b3NoIEhEOlVzZXJzOgBwaWVycmUtbG91aXNzdGVuZ2VyOgBEb2N1bWVudHM6AENvdXJzIGZhYzoATWFzdGVyOgBTMzoAU3RhZ2UgTTI6AEJpYmxpb2dyYXBoaWU6AEFtb3JlcyBldCBhbC4gMjAxMSBSIzY0ODE2QS5wZGYAAA4AegA8AEEAbQBvAHIAZQBzACAAZQB0ACAAYQBsAC4AIAAyADAAMQAxACAAUgBBAEQAIABwAG8AdQByACAAZwBlAG4AbwBtAGUAIABlAHYAbwBsAHUAdABpAG8AbgAgAEwAZQBwAGkAcwBvAHMAdABlAHUAcwAuAHAAZABmAA8AGgAMAE0AYQBjAGkAbgB0AG8AcwBoACAASABEABIAi1VzZXJzL3BpZXJyZS1sb3Vpc3N0ZW5nZXIvRG9jdW1lbnRzL0NvdXJzIGZhYy9NYXN0ZXIvUzMvU3RhZ2UgTTIvQmlibGlvZ3JhcGhpZS9BbW9yZXMgZXQgYWwuIDIwMTEgUkFEIHBvdXIgZ2Vub21lIGV2b2x1dGlvbiBMZXBpc29zdGV1cy5wZGYAABMAAS8AABUAAgAa//8AAIAG0hscHR5aJGNsYXNzbmFtZVgkY2xhc3Nlc11OU011dGFibGVEYXRhox0fIFZOU0RhdGFYTlNPYmplY3TSGxwiI1xOU0RpY3Rpb25hcnmiIiBfEA9OU0tleWVkQXJjaGl2ZXLRJidUcm9vdIABAAgAEQAaACMALQAyADcAQABGAE0AVQBgAGcAagBsAG4AcQBzAHUAdwCEAI4A3gDjAOsDlwOZA54DqQOyA8ADxAPLA9QD2QPmA+kD+wP+BAMAAAAAAAACAQAAAAAAAAAoAAAAAAAAAAAAAAAAAAAEBQ==}}

@article{mastretta2015restriction,
	Author = {Mastretta-Yanes, A and Arrigo, Nils and Alvarez, Nadir and Jorgensen, Tove H and Pi{\~n}ero, D and Emerson, BC},
	Date-Added = {2016-01-11 14:59:36 +0000},
	Date-Modified = {2016-01-11 14:59:36 +0000},
	Journal = {Molecular ecology resources},
	Number = {1},
	Pages = {28--41},
	Publisher = {Wiley Online Library},
	Title = {Restriction site-associated DNA sequencing, genotyping error estimation and de novo assembly optimization for population genetic inference},
	Volume = {15},
	Year = {2015},
	Bdsk-File-1 = {YnBsaXN0MDDUAQIDBAUGJCVYJHZlcnNpb25YJG9iamVjdHNZJGFyY2hpdmVyVCR0b3ASAAGGoKgHCBMUFRYaIVUkbnVsbNMJCgsMDxJXTlMua2V5c1pOUy5vYmplY3RzViRjbGFzc6INDoACgAOiEBGABIAFgAdccmVsYXRpdmVQYXRoWWFsaWFzRGF0YV8QSy4uL0JpYmxpb2dyYXBoaWUvTWFzdHJldHRhLVlhbmVzX2V0X2FsLTIwMTUtTW9sZWN1bGFyX0Vjb2xvZ3lfUmVzb3VyY2VzLnBkZtIXCxgZV05TLmRhdGFPEQKiAAAAAAKiAAIAAAxNYWNpbnRvc2ggSEQAAAAAAAAAAAAAAAAAAADP1DIgSCsAAABQnCcfTWFzdHJldHRhLVlhbmVzX2V0X2EjNjQ4MDMwLnBkZgAAAAAAAAAAAAAAAAAAAAAAAAAAAAAAAAAAAAAAAAAAAGSAMNDclPQAAAAAAAAAAAABAAIAAAkgAAAAAAAAAAAAAAAAAAAADUJpYmxpb2dyYXBoaWUAABAACAAAz9QWAAAAABEACAAA0NyG5AAAAAEAIABQnCcAJr7qACsAMwAKP3sACj6fAAk2bAAJNmsAAmb5AAIAg01hY2ludG9zaCBIRDpVc2VyczoAcGllcnJlLWxvdWlzc3RlbmdlcjoARG9jdW1lbnRzOgBDb3VycyBmYWM6AE1hc3RlcjoAUzM6AFN0YWdlIE0yOgBCaWJsaW9ncmFwaGllOgBNYXN0cmV0dGEtWWFuZXNfZXRfYSM2NDgwMzAucGRmAAAOAHYAOgBNAGEAcwB0AHIAZQB0AHQAYQAtAFkAYQBuAGUAcwBfAGUAdABfAGEAbAAtADIAMAAxADUALQBNAG8AbABlAGMAdQBsAGEAcgBfAEUAYwBvAGwAbwBnAHkAXwBSAGUAcwBvAHUAcgBjAGUAcwAuAHAAZABmAA8AGgAMAE0AYQBjAGkAbgB0AG8AcwBoACAASABEABIAiVVzZXJzL3BpZXJyZS1sb3Vpc3N0ZW5nZXIvRG9jdW1lbnRzL0NvdXJzIGZhYy9NYXN0ZXIvUzMvU3RhZ2UgTTIvQmlibGlvZ3JhcGhpZS9NYXN0cmV0dGEtWWFuZXNfZXRfYWwtMjAxNS1Nb2xlY3VsYXJfRWNvbG9neV9SZXNvdXJjZXMucGRmAAATAAEvAAAVAAIAGv//AACABtIbHB0eWiRjbGFzc25hbWVYJGNsYXNzZXNdTlNNdXRhYmxlRGF0YaMdHyBWTlNEYXRhWE5TT2JqZWN00hscIiNcTlNEaWN0aW9uYXJ5oiIgXxAPTlNLZXllZEFyY2hpdmVy0SYnVHJvb3SAAQAIABEAGgAjAC0AMgA3AEAARgBNAFUAYABnAGoAbABuAHEAcwB1AHcAhACOANwA4QDpA48DkQOWA6EDqgO4A7wDwwPMA9ED3gPhA/MD9gP7AAAAAAAAAgEAAAAAAAAAKAAAAAAAAAAAAAAAAAAAA/0=},
	Bdsk-File-2 = {YnBsaXN0MDDUAQIDBAUGJCVYJHZlcnNpb25YJG9iamVjdHNZJGFyY2hpdmVyVCR0b3ASAAGGoKgHCBMUFRYaIVUkbnVsbNMJCgsMDxJXTlMua2V5c1pOUy5vYmplY3RzViRjbGFzc6INDoACgAOiEBGABIAFgAdccmVsYXRpdmVQYXRoWWFsaWFzRGF0YW8QTQAuAC4ALwBCAGkAYgBsAGkAbwBnAHIAYQBwAGgAaQBlAC8ARwBpAGwAbABlAHMAIABlAHQAIABhAGwALgAgADIAMAAxADEAIABFAHIAcgBlAHUAcgBzACAAbABpAGUDAQBzACAAYQB1ACAAcAB5AHIAbwBzAGUDAQBxAHUAZQBuAGMDJwBhAGcAZQAgADQANQA0AC4AcABkAGbSFwsYGVdOUy5kYXRhTxECqgAAAAACqgACAAAMTWFjaW50b3NoIEhEAAAAAAAAAAAAAAAAAAAAz9QyIEgrAAAAUJwnH0dpbGxlcyBldCBhbC4gMjAxMSBFIzY0QzYzNi5wZGYAAAAAAAAAAAAAAAAAAAAAAAAAAAAAAAAAAAAAAAAAAABkxjbSun4cAAAAAAAAAAAAAQACAAAJIAAAAAAAAAAAAAAAAAAAAA1CaWJsaW9ncmFwaGllAAAQAAgAAM/UFgAAAAARAAgAANK6cAwAAAABACAAUJwnACa+6gArADMACj97AAo+nwAJNmwACTZrAAJm+QACAINNYWNpbnRvc2ggSEQ6VXNlcnM6AHBpZXJyZS1sb3Vpc3N0ZW5nZXI6AERvY3VtZW50czoAQ291cnMgZmFjOgBNYXN0ZXI6AFMzOgBTdGFnZSBNMjoAQmlibGlvZ3JhcGhpZToAR2lsbGVzIGV0IGFsLiAyMDExIEUjNjRDNjM2LnBkZgAADgB6ADwARwBpAGwAbABlAHMAIABlAHQAIABhAGwALgAgADIAMAAxADEAIABFAHIAcgBlAHUAcgBzACAAbABpAGUDAQBzACAAYQB1ACAAcAB5AHIAbwBzAGUDAQBxAHUAZQBuAGMDJwBhAGcAZQAgADQANQA0AC4AcABkAGYADwAaAAwATQBhAGMAaQBuAHQAbwBzAGgAIABIAEQAEgCOVXNlcnMvcGllcnJlLWxvdWlzc3Rlbmdlci9Eb2N1bWVudHMvQ291cnMgZmFjL01hc3Rlci9TMy9TdGFnZSBNMi9CaWJsaW9ncmFwaGllL0dpbGxlcyBldCBhbC4gMjAxMSBFcnJldXJzIGxpZcyBcyBhdSBweXJvc2XMgXF1ZW5jzKdhZ2UgNDU0LnBkZgATAAEvAAAVAAIAGv//AACABtIbHB0eWiRjbGFzc25hbWVYJGNsYXNzZXNdTlNNdXRhYmxlRGF0YaMdHyBWTlNEYXRhWE5TT2JqZWN00hscIiNcTlNEaWN0aW9uYXJ5oiIgXxAPTlNLZXllZEFyY2hpdmVy0SYnVHJvb3SAAQAIABEAGgAjAC0AMgA3AEAARgBNAFUAYABnAGoAbABuAHEAcwB1AHcAhACOASsBMAE4A+YD6APtA/gEAQQPBBMEGgQjBCgENQQ4BEoETQRSAAAAAAAAAgEAAAAAAAAAKAAAAAAAAAAAAAAAAAAABFQ=}}

@article{gautier2013effect,
	Author = {Gautier, Mathieu and Gharbi, Karim and Cezard, Timothee and Foucaud, Julien and Kerdelhu{\'e}, Carole and Pudlo, Pierre and Cornuet, Jean-Marie and Estoup, Arnaud},
	Date-Added = {2016-01-11 14:54:50 +0000},
	Date-Modified = {2016-01-11 14:54:50 +0000},
	Journal = {Molecular Ecology},
	Number = {11},
	Pages = {3165--3178},
	Publisher = {Wiley Online Library},
	Title = {The effect of RAD allele dropout on the estimation of genetic variation within and between populations},
	Volume = {22},
	Year = {2013},
	Bdsk-File-1 = {YnBsaXN0MDDUAQIDBAUGJCVYJHZlcnNpb25YJG9iamVjdHNZJGFyY2hpdmVyVCR0b3ASAAGGoKgHCBMUFRYaIVUkbnVsbNMJCgsMDxJXTlMua2V5c1pOUy5vYmplY3RzViRjbGFzc6INDoACgAOiEBGABIAFgAdccmVsYXRpdmVQYXRoWWFsaWFzRGF0YV8QLC4uL0JpYmxpb2dyYXBoaWUvR2F1dGllciBldCBhbC4gMjAxMyBSQUQucGRm0hcLGBlXTlMuZGF0YU8RAkAAAAAAAkAAAgAADE1hY2ludG9zaCBIRAAAAAAAAAAAAAAAAAAAAM/UMiBIKwAAAFCcJxtHYXV0aWVyIGV0IGFsLiAyMDEzIFJBRC5wZGYAAAAAAAAAAAAAAAAAAAAAAAAAAAAAAAAAAAAAAAAAAAAAAAAAZH5V0rmAegAAAAAAAAAAAAEAAgAACSAAAAAAAAAAAAAAAAAAAAANQmlibGlvZ3JhcGhpZQAAEAAIAADP1BYAAAAAEQAIAADSuXJqAAAAAQAgAFCcJwAmvuoAKwAzAAo/ewAKPp8ACTZsAAk2awACZvkAAgB/TWFjaW50b3NoIEhEOlVzZXJzOgBwaWVycmUtbG91aXNzdGVuZ2VyOgBEb2N1bWVudHM6AENvdXJzIGZhYzoATWFzdGVyOgBTMzoAU3RhZ2UgTTI6AEJpYmxpb2dyYXBoaWU6AEdhdXRpZXIgZXQgYWwuIDIwMTMgUkFELnBkZgAADgA4ABsARwBhAHUAdABpAGUAcgAgAGUAdAAgAGEAbAAuACAAMgAwADEAMwAgAFIAQQBEAC4AcABkAGYADwAaAAwATQBhAGMAaQBuAHQAbwBzAGgAIABIAEQAEgBqVXNlcnMvcGllcnJlLWxvdWlzc3Rlbmdlci9Eb2N1bWVudHMvQ291cnMgZmFjL01hc3Rlci9TMy9TdGFnZSBNMi9CaWJsaW9ncmFwaGllL0dhdXRpZXIgZXQgYWwuIDIwMTMgUkFELnBkZgATAAEvAAAVAAIAGv//AACABtIbHB0eWiRjbGFzc25hbWVYJGNsYXNzZXNdTlNNdXRhYmxlRGF0YaMdHyBWTlNEYXRhWE5TT2JqZWN00hscIiNcTlNEaWN0aW9uYXJ5oiIgXxAPTlNLZXllZEFyY2hpdmVy0SYnVHJvb3SAAQAIABEAGgAjAC0AMgA3AEAARgBNAFUAYABnAGoAbABuAHEAcwB1AHcAhACOAL0AwgDKAw4DEAMVAyADKQM3AzsDQgNLA1ADXQNgA3IDdQN6AAAAAAAAAgEAAAAAAAAAKAAAAAAAAAAAAAAAAAAAA3w=}}

@article{loman2012performance,
	Author = {Loman, Nicholas J and Misra, Raju V and Dallman, Timothy J and Constantinidou, Chrystala and Gharbia, Saheer E and Wain, John and Pallen, Mark J},
	Date-Added = {2016-01-11 14:51:12 +0000},
	Date-Modified = {2016-01-11 14:51:12 +0000},
	Journal = {Nature biotechnology},
	Number = {5},
	Pages = {434--439},
	Publisher = {Nature Publishing Group},
	Title = {Performance comparison of benchtop high-throughput sequencing platforms},
	Volume = {30},
	Year = {2012}}

@article{nielsen2011genotype,
	Author = {Nielsen, Rasmus and Paul, Joshua S and Albrechtsen, Anders and Song, Yun S},
	Date-Added = {2016-01-11 14:49:00 +0000},
	Date-Modified = {2016-01-11 14:49:00 +0000},
	Journal = {Nature Reviews Genetics},
	Number = {6},
	Pages = {443--451},
	Publisher = {Nature Publishing Group},
	Title = {Genotype and SNP calling from next-generation sequencing data},
	Volume = {12},
	Year = {2011}}

@article{meacham2011identification,
	Author = {Meacham, Frazer and Boffelli, Dario and Dhahbi, Joseph and Martin, David IK and Singer, Meromit and Pachter, Lior},
	Date-Added = {2016-01-11 14:46:32 +0000},
	Date-Modified = {2016-01-11 14:46:32 +0000},
	Journal = {BMC bioinformatics},
	Number = {1},
	Pages = {451},
	Publisher = {BioMed Central Ltd},
	Title = {Identification and correction of systematic error in high-throughput sequence data},
	Volume = {12},
	Year = {2011},
	Bdsk-File-1 = {YnBsaXN0MDDUAQIDBAUGJCVYJHZlcnNpb25YJG9iamVjdHNZJGFyY2hpdmVyVCR0b3ASAAGGoKgHCBMUFRYaIVUkbnVsbNMJCgsMDxJXTlMua2V5c1pOUy5vYmplY3RzViRjbGFzc6INDoACgAOiEBGABIAFgAdccmVsYXRpdmVQYXRoWWFsaWFzRGF0YW8QVAAuAC4ALwBCAGkAYgBsAGkAbwBnAHIAYQBwAGgAaQBlAC8ATQBlAGEAYwBoAGEAbQAgAGUAdAAgAGEAbAAuACAAMgAwADEAMQAgAEMAbwByAHIAZQBjAHQAaQBvAG4AIABkAGUAcwAgAGUDAQByAHIAZQB1AHIAcwAgAGQAYQBuAHMAIABsAGUAcwAgAHMAZQMBAHEAdQBlAG4AYwBlAHMALgBwAGQAZtIXCxgZV05TLmRhdGFPEQK+AAAAAAK+AAIAAAxNYWNpbnRvc2ggSEQAAAAAAAAAAAAAAAAAAADP1DIgSCsAAABQnCcfTWVhY2hhbSBldCBhbC4gMjAxMSAjNjQ3QkMzLnBkZgAAAAAAAAAAAAAAAAAAAAAAAAAAAAAAAAAAAAAAAAAAAGR7w9K5fn4AAAAAAAAAAAABAAIAAAkgAAAAAAAAAAAAAAAAAAAADUJpYmxpb2dyYXBoaWUAABAACAAAz9QWAAAAABEACAAA0rlwbgAAAAEAIABQnCcAJr7qACsAMwAKP3sACj6fAAk2bAAJNmsAAmb5AAIAg01hY2ludG9zaCBIRDpVc2VyczoAcGllcnJlLWxvdWlzc3RlbmdlcjoARG9jdW1lbnRzOgBDb3VycyBmYWM6AE1hc3RlcjoAUzM6AFN0YWdlIE0yOgBCaWJsaW9ncmFwaGllOgBNZWFjaGFtIGV0IGFsLiAyMDExICM2NDdCQzMucGRmAAAOAIgAQwBNAGUAYQBjAGgAYQBtACAAZQB0ACAAYQBsAC4AIAAyADAAMQAxACAAQwBvAHIAcgBlAGMAdABpAG8AbgAgAGQAZQBzACAAZQMBAHIAcgBlAHUAcgBzACAAZABhAG4AcwAgAGwAZQBzACAAcwBlAwEAcQB1AGUAbgBjAGUAcwAuAHAAZABmAA8AGgAMAE0AYQBjAGkAbgB0AG8AcwBoACAASABEABIAlFVzZXJzL3BpZXJyZS1sb3Vpc3N0ZW5nZXIvRG9jdW1lbnRzL0NvdXJzIGZhYy9NYXN0ZXIvUzMvU3RhZ2UgTTIvQmlibGlvZ3JhcGhpZS9NZWFjaGFtIGV0IGFsLiAyMDExIENvcnJlY3Rpb24gZGVzIGXMgXJyZXVycyBkYW5zIGxlcyBzZcyBcXVlbmNlcy5wZGYAEwABLwAAFQACABr//wAAgAbSGxwdHlokY2xhc3NuYW1lWCRjbGFzc2VzXU5TTXV0YWJsZURhdGGjHR8gVk5TRGF0YVhOU09iamVjdNIbHCIjXE5TRGljdGlvbmFyeaIiIF8QD05TS2V5ZWRBcmNoaXZlctEmJ1Ryb290gAEACAARABoAIwAtADIANwBAAEYATQBVAGAAZwBqAGwAbgBxAHMAdQB3AIQAjgE5AT4BRgQIBAoEDwQaBCMEMQQ1BDwERQRKBFcEWgRsBG8EdAAAAAAAAAIBAAAAAAAAACgAAAAAAAAAAAAAAAAAAAR2}}

@article{hohenlohe2012extensive,
	Author = {Hohenlohe, Paul A and Bassham, Susan and Currey, Mark and Cresko, William A},
	Date-Added = {2016-01-11 14:41:45 +0000},
	Date-Modified = {2016-01-11 14:41:45 +0000},
	Journal = {Philosophical Transactions of the Royal Society of London B: Biological Sciences},
	Number = {1587},
	Pages = {395--408},
	Publisher = {The Royal Society},
	Title = {Extensive linkage disequilibrium and parallel adaptive divergence across threespine stickleback genomes},
	Volume = {367},
	Year = {2012}}

@article{peterson2012double,
	Author = {Peterson, Brant K and Weber, Jesse N and Kay, Emily H and Fisher, Heidi S and Hoekstra, Hopi E},
	Date-Added = {2016-01-11 14:37:03 +0000},
	Date-Modified = {2016-01-11 14:37:03 +0000},
	Journal = {PloS one},
	Number = {5},
	Pages = {e37135},
	Publisher = {Public Library of Science},
	Title = {Double digest RADseq: an inexpensive method for de novo SNP discovery and genotyping in model and non-model species},
	Volume = {7},
	Year = {2012},
	Bdsk-File-1 = {YnBsaXN0MDDUAQIDBAUGJCVYJHZlcnNpb25YJG9iamVjdHNZJGFyY2hpdmVyVCR0b3ASAAGGoKgHCBMUFRYaIVUkbnVsbNMJCgsMDxJXTlMua2V5c1pOUy5vYmplY3RzViRjbGFzc6INDoACgAOiEBGABIAFgAdccmVsYXRpdmVQYXRoWWFsaWFzRGF0YV8QQC4uL0JpYmxpb2dyYXBoaWUvUGV0ZXJzb24gZXQgYWwuIDIwMTIsIERvdWJsZSBEaWdlc3QgUkFEIFNlcS5wZGbSFwsYGVdOUy5kYXRhTxECgAAAAAACgAACAAAMTWFjaW50b3NoIEhEAAAAAAAAAAAAAAAAAAAAz9QyIEgrAAAAUJwnH1BldGVyc29uIGV0IGFsLiAyMDEyIzY0NzkzMS5wZGYAAAAAAAAAAAAAAAAAAAAAAAAAAAAAAAAAAAAAAAAAAABkeTHSuXwvAAAAAAAAAAAAAQACAAAJIAAAAAAAAAAAAAAAAAAAAA1CaWJsaW9ncmFwaGllAAAQAAgAAM/UFgAAAAARAAgAANK5bh8AAAABACAAUJwnACa+6gArADMACj97AAo+nwAJNmwACTZrAAJm+QACAINNYWNpbnRvc2ggSEQ6VXNlcnM6AHBpZXJyZS1sb3Vpc3N0ZW5nZXI6AERvY3VtZW50czoAQ291cnMgZmFjOgBNYXN0ZXI6AFMzOgBTdGFnZSBNMjoAQmlibGlvZ3JhcGhpZToAUGV0ZXJzb24gZXQgYWwuIDIwMTIjNjQ3OTMxLnBkZgAADgBgAC8AUABlAHQAZQByAHMAbwBuACAAZQB0ACAAYQBsAC4AIAAyADAAMQAyACwAIABEAG8AdQBiAGwAZQAgAEQAaQBnAGUAcwB0ACAAUgBBAEQAIABTAGUAcQAuAHAAZABmAA8AGgAMAE0AYQBjAGkAbgB0AG8AcwBoACAASABEABIAflVzZXJzL3BpZXJyZS1sb3Vpc3N0ZW5nZXIvRG9jdW1lbnRzL0NvdXJzIGZhYy9NYXN0ZXIvUzMvU3RhZ2UgTTIvQmlibGlvZ3JhcGhpZS9QZXRlcnNvbiBldCBhbC4gMjAxMiwgRG91YmxlIERpZ2VzdCBSQUQgU2VxLnBkZgATAAEvAAAVAAIAGv//AACABtIbHB0eWiRjbGFzc25hbWVYJGNsYXNzZXNdTlNNdXRhYmxlRGF0YaMdHyBWTlNEYXRhWE5TT2JqZWN00hscIiNcTlNEaWN0aW9uYXJ5oiIgXxAPTlNLZXllZEFyY2hpdmVy0SYnVHJvb3SAAQAIABEAGgAjAC0AMgA3AEAARgBNAFUAYABnAGoAbABuAHEAcwB1AHcAhACOANEA1gDeA2IDZANpA3QDfQOLA48DlgOfA6QDsQO0A8YDyQPOAAAAAAAAAgEAAAAAAAAAKAAAAAAAAAAAAAAAAAAAA9A=}}

@article{Bonin2004aa,
	Abstract = {Genotyping errors occur when the genotype determined after molecular analysis does not correspond to the real genotype of the individual under consideration. Virtually every genetic data set includes some erroneous genotypes, but genotyping errors remain a taboo subject in population genetics, even though they might greatly bias the final conclusions, especially for studies based on individual identification. Here, we consider four case studies representing a large variety of population genetics investigations differing in their sampling strategies (noninvasive or traditional), in the type of organism studied (plant or animal) and the molecular markers used [microsatellites or amplified fragment length polymorphisms (AFLPs)]. In these data sets, the estimated genotyping error rate ranges from 0.8% for microsatellite loci from bear tissues to 2.6% for AFLP loci from dwarf birch leaves. Main sources of errors were allelic dropouts for microsatellites and differences in peak intensities for AFLPs, but in both cases human factors were non-negligible error generators. Therefore, tracking genotyping errors and identifying their causes are necessary to clean up the data sets and validate the final results according to the precision required. In addition, we propose the outline of a protocol designed to limit and quantify genotyping errors at each step of the genotyping process. In particular, we recommend (i) several efficient precautions to prevent contaminations and technical artefacts; (ii) systematic use of blind samples and automation; (iii) experience and rigor for laboratory work and scoring; and (iv) systematic reporting of the error rate in population genetics studies.},
	Author = {Bonin, A and Bellemain, E and Bronken Eidesen, P and Pompanon, F and Brochmann, C and Taberlet, P},
	Date-Added = {2016-01-11 14:32:50 +0000},
	Date-Modified = {2016-01-25 18:12:32 +0000},
	Doi = {10.1111/j.1365-294X.2004.02346.x},
	Journal = {Mol Ecol},
	Journal-Full = {Molecular ecology},
	Mesh = {Animals; Betula; Genetics, Population; Genotype; Humans; Microsatellite Repeats; Polymorphism, Genetic; Rana temporaria; Research Design; Selection Bias; Statistics as Topic; Ursidae},
	Month = {Nov},
	Number = {11},
	Pages = {3261-73},
	Pmid = {15487987},
	Pst = {ppublish},
	Title = {How to track and assess genotyping errors in population genetics studies},
	Volume = {13},
	Year = {2004},
	Bdsk-File-1 = {YnBsaXN0MDDUAQIDBAUGJCVYJHZlcnNpb25YJG9iamVjdHNZJGFyY2hpdmVyVCR0b3ASAAGGoKgHCBMUFRYaIVUkbnVsbNMJCgsMDxJXTlMua2V5c1pOUy5vYmplY3RzViRjbGFzc6INDoACgAOiEBGABIAFgAdccmVsYXRpdmVQYXRoWWFsaWFzRGF0YV8QOS4uL0JpYmxpb2dyYXBoaWUvQm9uaW4gZXQgYWwuIDIwMDQgR2Vub3R5cGFnZSBlcnJldXJzLnBkZtIXCxgZV05TLmRhdGFPEQJsAAAAAAJsAAIAAAxNYWNpbnRvc2ggSEQAAAAAAAAAAAAAAAAAAADP1DIgSCsAAABQnCcfQm9uaW4gZXQgYWwuIDIwMDQgR2UjNjQ3ODU0LnBkZgAAAAAAAAAAAAAAAAAAAAAAAAAAAAAAAAAAAAAAAAAAAGR4VNK5e2MAAAAAAAAAAAABAAIAAAkgAAAAAAAAAAAAAAAAAAAADUJpYmxpb2dyYXBoaWUAABAACAAAz9QWAAAAABEACAAA0rltUwAAAAEAIABQnCcAJr7qACsAMwAKP3sACj6fAAk2bAAJNmsAAmb5AAIAg01hY2ludG9zaCBIRDpVc2VyczoAcGllcnJlLWxvdWlzc3RlbmdlcjoARG9jdW1lbnRzOgBDb3VycyBmYWM6AE1hc3RlcjoAUzM6AFN0YWdlIE0yOgBCaWJsaW9ncmFwaGllOgBCb25pbiBldCBhbC4gMjAwNCBHZSM2NDc4NTQucGRmAAAOAFIAKABCAG8AbgBpAG4AIABlAHQAIABhAGwALgAgADIAMAAwADQAIABHAGUAbgBvAHQAeQBwAGEAZwBlACAAZQByAHIAZQB1AHIAcwAuAHAAZABmAA8AGgAMAE0AYQBjAGkAbgB0AG8AcwBoACAASABEABIAd1VzZXJzL3BpZXJyZS1sb3Vpc3N0ZW5nZXIvRG9jdW1lbnRzL0NvdXJzIGZhYy9NYXN0ZXIvUzMvU3RhZ2UgTTIvQmlibGlvZ3JhcGhpZS9Cb25pbiBldCBhbC4gMjAwNCBHZW5vdHlwYWdlIGVycmV1cnMucGRmAAATAAEvAAAVAAIAGv//AACABtIbHB0eWiRjbGFzc25hbWVYJGNsYXNzZXNdTlNNdXRhYmxlRGF0YaMdHyBWTlNEYXRhWE5TT2JqZWN00hscIiNcTlNEaWN0aW9uYXJ5oiIgXxAPTlNLZXllZEFyY2hpdmVy0SYnVHJvb3SAAQAIABEAGgAjAC0AMgA3AEAARgBNAFUAYABnAGoAbABuAHEAcwB1AHcAhACOAMoAzwDXA0cDSQNOA1kDYgNwA3QDewOEA4kDlgOZA6sDrgOzAAAAAAAAAgEAAAAAAAAAKAAAAAAAAAAAAAAAAAAAA7U=}}

@article{davey2013special,
	Author = {Davey, John W and Cezard, Timoth{\'e}e and Fuentes-Utrilla, Pablo and Eland, Cathlene and Gharbi, Karim and Blaxter, Mark L},
	Date-Added = {2016-01-11 14:27:50 +0000},
	Date-Modified = {2016-01-11 14:27:50 +0000},
	Journal = {Molecular Ecology},
	Number = {11},
	Pages = {3151--3164},
	Publisher = {Wiley Online Library},
	Title = {Special features of RAD Sequencing data: implications for genotyping},
	Volume = {22},
	Year = {2013}}

@article{Baird2008aa,
	Abstract = {Single nucleotide polymorphism (SNP) discovery and genotyping are essential to genetic mapping. There remains a need for a simple, inexpensive platform that allows high-density SNP discovery and genotyping in large populations. Here we describe the sequencing of restriction-site associated DNA (RAD) tags, which identified more than 13,000 SNPs, and mapped three traits in two model organisms, using less than half the capacity of one Illumina sequencing run. We demonstrated that different marker densities can be attained by choice of restriction enzyme. Furthermore, we developed a barcoding system for sample multiplexing and fine mapped the genetic basis of lateral plate armor loss in threespine stickleback by identifying recombinant breakpoints in F(2) individuals. Barcoding also facilitated mapping of a second trait, a reduction of pelvic structure, by in silico re-sorting of individuals. To further demonstrate the ease of the RAD sequencing approach we identified polymorphic markers and mapped an induced mutation in Neurospora crassa. Sequencing of RAD markers is an integrated platform for SNP discovery and genotyping. This approach should be widely applicable to genetic mapping in a variety of organisms.},
	Author = {Baird, Nathan A and Etter, Paul D and Atwood, Tressa S and Currey, Mark C and Shiver, Anthony L and Lewis, Zachary A and Selker, Eric U and Cresko, William A and Johnson, Eric A},
	Date-Added = {2016-01-11 14:25:51 +0000},
	Date-Modified = {2016-01-25 18:10:16 +0000},
	Doi = {10.1371/journal.pone.0003376},
	Journal = {PLoS One},
	Journal-Full = {PloS one},
	Mesh = {Animals; Chromosome Mapping; Expressed Sequence Tags; Genetic Markers; Genome; Genotype; Methods; Neurospora crassa; Polymorphism, Single Nucleotide; Restriction Mapping; Smegmamorpha},
	Number = {10},
	Pages = {e3376},
	Pmc = {PMC2557064},
	Pmid = {18852878},
	Pst = {ppublish},
	Title = {Rapid SNP discovery and genetic mapping using sequenced RAD markers},
	Volume = {3},
	Year = {2008},
	Bdsk-File-1 = {YnBsaXN0MDDUAQIDBAUGJCVYJHZlcnNpb25YJG9iamVjdHNZJGFyY2hpdmVyVCR0b3ASAAGGoKgHCBMUFRYaIVUkbnVsbNMJCgsMDxJXTlMua2V5c1pOUy5vYmplY3RzViRjbGFzc6INDoACgAOiEBGABIAFgAdccmVsYXRpdmVQYXRoWWFsaWFzRGF0YV8QPC4uL0JpYmxpb2dyYXBoaWUvQmFpcmQgZXQgYWwuIDIwMDggU2VxdWVuY2VkIFJBRCBNYXJrZXJzLnBkZtIXCxgZV05TLmRhdGFPEQJ0AAAAAAJ0AAIAAAxNYWNpbnRvc2ggSEQAAAAAAAAAAAAAAAAAAADP1DIgSCsAAABQnCcfQmFpcmQgZXQgYWwuIDIwMDggU2UjNjQ3NzVELnBkZgAAAAAAAAAAAAAAAAAAAAAAAAAAAAAAAAAAAAAAAAAAAGR3XdK5ecwAAAAAAAAAAAABAAIAAAkgAAAAAAAAAAAAAAAAAAAADUJpYmxpb2dyYXBoaWUAABAACAAAz9QWAAAAABEACAAA0rlrvAAAAAEAIABQnCcAJr7qACsAMwAKP3sACj6fAAk2bAAJNmsAAmb5AAIAg01hY2ludG9zaCBIRDpVc2VyczoAcGllcnJlLWxvdWlzc3RlbmdlcjoARG9jdW1lbnRzOgBDb3VycyBmYWM6AE1hc3RlcjoAUzM6AFN0YWdlIE0yOgBCaWJsaW9ncmFwaGllOgBCYWlyZCBldCBhbC4gMjAwOCBTZSM2NDc3NUQucGRmAAAOAFgAKwBCAGEAaQByAGQAIABlAHQAIABhAGwALgAgADIAMAAwADgAIABTAGUAcQB1AGUAbgBjAGUAZAAgAFIAQQBEACAATQBhAHIAawBlAHIAcwAuAHAAZABmAA8AGgAMAE0AYQBjAGkAbgB0AG8AcwBoACAASABEABIAelVzZXJzL3BpZXJyZS1sb3Vpc3N0ZW5nZXIvRG9jdW1lbnRzL0NvdXJzIGZhYy9NYXN0ZXIvUzMvU3RhZ2UgTTIvQmlibGlvZ3JhcGhpZS9CYWlyZCBldCBhbC4gMjAwOCBTZXF1ZW5jZWQgUkFEIE1hcmtlcnMucGRmABMAAS8AABUAAgAa//8AAIAG0hscHR5aJGNsYXNzbmFtZVgkY2xhc3Nlc11OU011dGFibGVEYXRhox0fIFZOU0RhdGFYTlNPYmplY3TSGxwiI1xOU0RpY3Rpb25hcnmiIiBfEA9OU0tleWVkQXJjaGl2ZXLRJidUcm9vdIABAAgAEQAaACMALQAyADcAQABGAE0AVQBgAGcAagBsAG4AcQBzAHUAdwCEAI4AzQDSANoDUgNUA1kDZANtA3sDfwOGA48DlAOhA6QDtgO5A74AAAAAAAACAQAAAAAAAAAoAAAAAAAAAAAAAAAAAAADwA==}}

@article{hohenlohe2010population,
	Author = {Hohenlohe, Paul A and Bassham, Susan and Etter, Paul D and Stiffler, Nicholas and Johnson, Eric A and Cresko, William A and others},
	Date-Added = {2016-01-11 14:01:46 +0000},
	Date-Modified = {2016-01-11 14:01:46 +0000},
	Journal = {PLoS Genet},
	Number = {2},
	Pages = {e1000862},
	Title = {Population genomics of parallel adaptation in threespine stickleback using sequenced RAD tags},
	Volume = {6},
	Year = {2010},
	Bdsk-File-1 = {YnBsaXN0MDDUAQIDBAUGJCVYJHZlcnNpb25YJG9iamVjdHNZJGFyY2hpdmVyVCR0b3ASAAGGoKgHCBMUFRYaIVUkbnVsbNMJCgsMDxJXTlMua2V5c1pOUy5vYmplY3RzViRjbGFzc6INDoACgAOiEBGABIAFgAdccmVsYXRpdmVQYXRoWWFsaWFzRGF0YV8QMi4uL0JpYmxpb2dyYXBoaWUvSG9oZW5sb2hlIGV0IGFsLiAyMDEwIFJBRCB0YWcucGRm0hcLGBlXTlMuZGF0YU8RAlYAAAAAAlYAAgAADE1hY2ludG9zaCBIRAAAAAAAAAAAAAAAAAAAAM/UMiBIKwAAAFCcJx9Ib2hlbmxvaGUgZXQgYWwuIDIwMSM2NDc0NEQucGRmAAAAAAAAAAAAAAAAAAAAAAAAAAAAAAAAAAAAAAAAAAAAZHRN0rl02QAAAAAAAAAAAAEAAgAACSAAAAAAAAAAAAAAAAAAAAANQmlibGlvZ3JhcGhpZQAAEAAIAADP1BYAAAAAEQAIAADSuWbJAAAAAQAgAFCcJwAmvuoAKwAzAAo/ewAKPp8ACTZsAAk2awACZvkAAgCDTWFjaW50b3NoIEhEOlVzZXJzOgBwaWVycmUtbG91aXNzdGVuZ2VyOgBEb2N1bWVudHM6AENvdXJzIGZhYzoATWFzdGVyOgBTMzoAU3RhZ2UgTTI6AEJpYmxpb2dyYXBoaWU6AEhvaGVubG9oZSBldCBhbC4gMjAxIzY0NzQ0RC5wZGYAAA4ARAAhAEgAbwBoAGUAbgBsAG8AaABlACAAZQB0ACAAYQBsAC4AIAAyADAAMQAwACAAUgBBAEQAIAB0AGEAZwAuAHAAZABmAA8AGgAMAE0AYQBjAGkAbgB0AG8AcwBoACAASABEABIAcFVzZXJzL3BpZXJyZS1sb3Vpc3N0ZW5nZXIvRG9jdW1lbnRzL0NvdXJzIGZhYy9NYXN0ZXIvUzMvU3RhZ2UgTTIvQmlibGlvZ3JhcGhpZS9Ib2hlbmxvaGUgZXQgYWwuIDIwMTAgUkFEIHRhZy5wZGYAEwABLwAAFQACABr//wAAgAbSGxwdHlokY2xhc3NuYW1lWCRjbGFzc2VzXU5TTXV0YWJsZURhdGGjHR8gVk5TRGF0YVhOU09iamVjdNIbHCIjXE5TRGljdGlvbmFyeaIiIF8QD05TS2V5ZWRBcmNoaXZlctEmJ1Ryb290gAEACAARABoAIwAtADIANwBAAEYATQBVAGAAZwBqAGwAbgBxAHMAdQB3AIQAjgDDAMgA0AMqAywDMQM8A0UDUwNXA14DZwNsA3kDfAOOA5EDlgAAAAAAAAIBAAAAAAAAACgAAAAAAAAAAAAAAAAAAAOY}}

@article{eggen2003approches,
	Author = {Eggen, A},
	Date-Added = {2016-01-11 13:40:32 +0000},
	Date-Modified = {2016-01-11 13:40:32 +0000},
	Journal = {Renc. Rech. Ruminants},
	Title = {Les approches g{\'e}nomiques pour l'identification de g{\`e}nes d'int{\'e}r{\^e}t {\'e}conomique: outils, applications et perspectives},
	Volume = {10},
	Year = {2003},
	Bdsk-File-1 = {YnBsaXN0MDDUAQIDBAUGJCVYJHZlcnNpb25YJG9iamVjdHNZJGFyY2hpdmVyVCR0b3ASAAGGoKgHCBMUFRYaIVUkbnVsbNMJCgsMDxJXTlMua2V5c1pOUy5vYmplY3RzViRjbGFzc6INDoACgAOiEBGABIAFgAdccmVsYXRpdmVQYXRoWWFsaWFzRGF0YV8QJy4uL0JpYmxpb2dyYXBoaWUvZ2Vub21pcXVlXzAxX0VnZ2VuLnBkZtIXCxgZV05TLmRhdGFPEQIsAAAAAAIsAAIAAAxNYWNpbnRvc2ggSEQAAAAAAAAAAAAAAAAAAADP1DIgSCsAAABQnCcWZ2Vub21pcXVlXzAxX0VnZ2VuLnBkZgAAAAAAAAAAAAAAAAAAAAAAAAAAAAAAAAAAAAAAAAAAAAAAAAAAAAAAAGRv+tK5bwwAAAAAAAAAAAABAAIAAAkgAAAAAAAAAAAAAAAAAAAADUJpYmxpb2dyYXBoaWUAABAACAAAz9QWAAAAABEACAAA0rlg/AAAAAEAIABQnCcAJr7qACsAMwAKP3sACj6fAAk2bAAJNmsAAmb5AAIAek1hY2ludG9zaCBIRDpVc2VyczoAcGllcnJlLWxvdWlzc3RlbmdlcjoARG9jdW1lbnRzOgBDb3VycyBmYWM6AE1hc3RlcjoAUzM6AFN0YWdlIE0yOgBCaWJsaW9ncmFwaGllOgBnZW5vbWlxdWVfMDFfRWdnZW4ucGRmAA4ALgAWAGcAZQBuAG8AbQBpAHEAdQBlAF8AMAAxAF8ARQBnAGcAZQBuAC4AcABkAGYADwAaAAwATQBhAGMAaQBuAHQAbwBzAGgAIABIAEQAEgBlVXNlcnMvcGllcnJlLWxvdWlzc3Rlbmdlci9Eb2N1bWVudHMvQ291cnMgZmFjL01hc3Rlci9TMy9TdGFnZSBNMi9CaWJsaW9ncmFwaGllL2dlbm9taXF1ZV8wMV9FZ2dlbi5wZGYAABMAAS8AABUAAgAa//8AAIAG0hscHR5aJGNsYXNzbmFtZVgkY2xhc3Nlc11OU011dGFibGVEYXRhox0fIFZOU0RhdGFYTlNPYmplY3TSGxwiI1xOU0RpY3Rpb25hcnmiIiBfEA9OU0tleWVkQXJjaGl2ZXLRJidUcm9vdIABAAgAEQAaACMALQAyADcAQABGAE0AVQBgAGcAagBsAG4AcQBzAHUAdwCEAI4AuAC9AMUC9QL3AvwDBwMQAx4DIgMpAzIDNwNEA0cDWQNcA2EAAAAAAAACAQAAAAAAAAAoAAAAAAAAAAAAAAAAAAADYw==}}

@article{davey2010radseq,
	Author = {Davey, John W and Blaxter, Mark L},
	Date-Added = {2016-01-11 11:01:02 +0000},
	Date-Modified = {2016-01-11 11:01:02 +0000},
	Journal = {Briefings in Functional Genomics},
	Number = {5-6},
	Pages = {416--423},
	Publisher = {Oxford University Press},
	Title = {RADSeq: next-generation population genetics},
	Volume = {9},
	Year = {2010}}

@article{wiszniewski2009social,
	Author = {Wiszniewski, Joanna and Allen, Simon J and M{\"o}ller, Luciana M},
	Date-Added = {2016-01-11 10:27:03 +0000},
	Date-Modified = {2016-01-11 10:27:03 +0000},
	Journal = {Animal Behaviour},
	Number = {6},
	Pages = {1449--1457},
	Publisher = {Elsevier},
	Title = {Social cohesion in a hierarchically structured embayment population of Indo-Pacific bottlenose dolphins},
	Volume = {77},
	Year = {2009}}

@article{wiszniewski2010environmental,
	Author = {Wiszniewski, Joanna and Beheregaray, Luciano B and Allen, Simon J and M{\"o}ller, Luciana M},
	Date-Added = {2016-01-11 10:22:09 +0000},
	Date-Modified = {2016-01-11 10:22:09 +0000},
	Journal = {Conservation Genetics},
	Number = {4},
	Pages = {1405--1419},
	Publisher = {Springer},
	Title = {Environmental and social influences on the genetic structure of bottlenose dolphins (Tursiops aduncus) in Southeastern Australia},
	Volume = {11},
	Year = {2010},
	Bdsk-File-1 = {YnBsaXN0MDDUAQIDBAUGJCVYJHZlcnNpb25YJG9iamVjdHNZJGFyY2hpdmVyVCR0b3ASAAGGoKgHCBMUFRYaIVUkbnVsbNMJCgsMDxJXTlMua2V5c1pOUy5vYmplY3RzViRjbGFzc6INDoACgAOiEBGABIAFgAdccmVsYXRpdmVQYXRoWWFsaWFzRGF0YV8QMC4uL0JpYmxpb2dyYXBoaWUvMDBiNDk1MTZiYjRlZTkxMjg2MDAwMDAwcGRmLnBkZtIXCxgZV05TLmRhdGFPEQJQAAAAAAJQAAIAAAxNYWNpbnRvc2ggSEQAAAAAAAAAAAAAAAAAAADP1DIgSCsAAABQnCcfMDBiNDk1MTZiYjRlZTkxMjg2MDAwMDAwcGRmLnBkZgAAAAAAAAAAAAAAAAAAAAAAAAAAAAAAAAAAAAAAAAAAAGKwFdKy0dwAAAAAAAAAAAABAAIAAAkgAAAAAAAAAAAAAAAAAAAADUJpYmxpb2dyYXBoaWUAABAACAAAz9QWAAAAABEACAAA0rLDzAAAAAEAIABQnCcAJr7qACsAMwAKP3sACj6fAAk2bAAJNmsAAmb5AAIAg01hY2ludG9zaCBIRDpVc2VyczoAcGllcnJlLWxvdWlzc3RlbmdlcjoARG9jdW1lbnRzOgBDb3VycyBmYWM6AE1hc3RlcjoAUzM6AFN0YWdlIE0yOgBCaWJsaW9ncmFwaGllOgAwMGI0OTUxNmJiNGVlOTEyODYwMDAwMDBwZGYucGRmAAAOAEAAHwAwADAAYgA0ADkANQAxADYAYgBiADQAZQBlADkAMQAyADgANgAwADAAMAAwADAAMABwAGQAZgAuAHAAZABmAA8AGgAMAE0AYQBjAGkAbgB0AG8AcwBoACAASABEABIAblVzZXJzL3BpZXJyZS1sb3Vpc3N0ZW5nZXIvRG9jdW1lbnRzL0NvdXJzIGZhYy9NYXN0ZXIvUzMvU3RhZ2UgTTIvQmlibGlvZ3JhcGhpZS8wMGI0OTUxNmJiNGVlOTEyODYwMDAwMDBwZGYucGRmABMAAS8AABUAAgAa//8AAIAG0hscHR5aJGNsYXNzbmFtZVgkY2xhc3Nlc11OU011dGFibGVEYXRhox0fIFZOU0RhdGFYTlNPYmplY3TSGxwiI1xOU0RpY3Rpb25hcnmiIiBfEA9OU0tleWVkQXJjaGl2ZXLRJidUcm9vdIABAAgAEQAaACMALQAyADcAQABGAE0AVQBgAGcAagBsAG4AcQBzAHUAdwCEAI4AwQDGAM4DIgMkAykDNAM9A0sDTwNWA18DZANxA3QDhgOJA44AAAAAAAACAQAAAAAAAAAoAAAAAAAAAAAAAAAAAAADkA==}}

@phdthesis{aurelle2009aa,
	Author = {Didier Aurelle},
	Date-Added = {2016-01-11 09:40:27 +0000},
	Date-Modified = {2016-01-25 18:06:56 +0000},
	Month = {F{\'e}rvier},
	Rating = {5},
	School = {UNIVERSITE DE LA MEDITERRANEE CENTRE D'OCEANOLOGIE DE MARSEILLE},
	Title = {De l'{\'e}volution mol{\'e}culaire {\`a} l'adaptation : approches de g{\'e}n{\'e}tique des populations en milieu aquatique},
	Year = {2009},
	Bdsk-File-1 = {YnBsaXN0MDDUAQIDBAUGJCVYJHZlcnNpb25YJG9iamVjdHNZJGFyY2hpdmVyVCR0b3ASAAGGoKgHCBMUFRYaIVUkbnVsbNMJCgsMDxJXTlMua2V5c1pOUy5vYmplY3RzViRjbGFzc6INDoACgAOiEBGABIAFgAdccmVsYXRpdmVQYXRoWWFsaWFzRGF0YV8QLi4uL0JpYmxpb2dyYXBoaWUvRG9zc2llciBIRFIgQXVyZWxsZV9maW5hbC5wZGbSFwsYGVdOUy5kYXRhTxECSAAAAAACSAACAAAMTWFjaW50b3NoIEhEAAAAAAAAAAAAAAAAAAAAz9QyIEgrAAAAUJwnHURvc3NpZXIgSERSIEF1cmVsbGVfZmluYWwucGRmAAAAAAAAAAAAAAAAAAAAAAAAAAAAAAAAAAAAAAAAAAAAAABjQ0jStT/JAAAAAAAAAAAAAQACAAAJIAAAAAAAAAAAAAAAAAAAAA1CaWJsaW9ncmFwaGllAAAQAAgAAM/UFgAAAAARAAgAANK1MbkAAAABACAAUJwnACa+6gArADMACj97AAo+nwAJNmwACTZrAAJm+QACAIFNYWNpbnRvc2ggSEQ6VXNlcnM6AHBpZXJyZS1sb3Vpc3N0ZW5nZXI6AERvY3VtZW50czoAQ291cnMgZmFjOgBNYXN0ZXI6AFMzOgBTdGFnZSBNMjoAQmlibGlvZ3JhcGhpZToARG9zc2llciBIRFIgQXVyZWxsZV9maW5hbC5wZGYAAA4APAAdAEQAbwBzAHMAaQBlAHIAIABIAEQAUgAgAEEAdQByAGUAbABsAGUAXwBmAGkAbgBhAGwALgBwAGQAZgAPABoADABNAGEAYwBpAG4AdABvAHMAaAAgAEgARAASAGxVc2Vycy9waWVycmUtbG91aXNzdGVuZ2VyL0RvY3VtZW50cy9Db3VycyBmYWMvTWFzdGVyL1MzL1N0YWdlIE0yL0JpYmxpb2dyYXBoaWUvRG9zc2llciBIRFIgQXVyZWxsZV9maW5hbC5wZGYAEwABLwAAFQACABr//wAAgAbSGxwdHlokY2xhc3NuYW1lWCRjbGFzc2VzXU5TTXV0YWJsZURhdGGjHR8gVk5TRGF0YVhOU09iamVjdNIbHCIjXE5TRGljdGlvbmFyeaIiIF8QD05TS2V5ZWRBcmNoaXZlctEmJ1Ryb290gAEACAARABoAIwAtADIANwBAAEYATQBVAGAAZwBqAGwAbgBxAHMAdQB3AIQAjgC/AMQAzAMYAxoDHwMqAzMDQQNFA0wDVQNaA2cDagN8A38DhAAAAAAAAAIBAAAAAAAAACgAAAAAAAAAAAAAAAAAAAOG}}

@article{Kohn2006aa,
	Abstract = {In large part, the relevance of genetics to conservation rests on the premise that neutral marker variation in populations reflects levels of detrimental and adaptive genetic variation. Despite its prominence, this tenet has been difficult to evaluate, until now. As we discuss here, genome sequence information and new technological and bioinformatics platforms now enable comprehensive surveys of neutral variation and more direct inferences of detrimental and adaptive variation in species with sequenced genomes and in 'genome-enabled' endangered taxa. Moreover, conservation schemes could begin to consider specific pathological genetic variants. A new conservation genetic agenda would utilize data from enhanced surveys of genomic variation in endangered species to better manage functional genetic variation.},
	Author = {Kohn, Michael H and Murphy, William J and Ostrander, Elaine A and Wayne, Robert K},
	Date-Added = {2016-01-11 09:39:44 +0000},
	Date-Modified = {2016-01-25 18:18:56 +0000},
	Doi = {10.1016/j.tree.2006.08.001},
	Journal = {Trends Ecol Evol},
	Journal-Full = {Trends in ecology \& evolution},
	Mesh = {Animals; Conservation of Natural Resources; Genetic Markers; Genetic Variation; Genetics, Population; Genomics; Mutation; Selection, Genetic},
	Month = {Nov},
	Number = {11},
	Pages = {629-37},
	Pmid = {16908089},
	Pst = {ppublish},
	Title = {Genomics and conservation genetics},
	Volume = {21},
	Year = {2006},
	Bdsk-File-1 = {YnBsaXN0MDDUAQIDBAUGJCVYJHZlcnNpb25YJG9iamVjdHNZJGFyY2hpdmVyVCR0b3ASAAGGoKgHCBMUFRYaIVUkbnVsbNMJCgsMDxJXTlMua2V5c1pOUy5vYmplY3RzViRjbGFzc6INDoACgAOiEBGABIAFgAdccmVsYXRpdmVQYXRoWWFsaWFzRGF0YV8QQS4uL0JpYmxpb2dyYXBoaWUvS29obl9HZW5vbWljcy1hbmQtY29uc2VydmF0aW9uLWdlbmV0aWNzXzIwMDYucGRm0hcLGBlXTlMuZGF0YU8RAoQAAAAAAoQAAgAADE1hY2ludG9zaCBIRAAAAAAAAAAAAAAAAAAAAM/UMiBIKwAAAFCcJx9Lb2huX0dlbm9taWNzLWFuZC1jbyM2MkIwMTgucGRmAAAAAAAAAAAAAAAAAAAAAAAAAAAAAAAAAAAAAAAAAAAAYrAY0rLQLQAAAAAAAAAAAAEAAgAACSAAAAAAAAAAAAAAAAAAAAANQmlibGlvZ3JhcGhpZQAAEAAIAADP1BYAAAAAEQAIAADSssIdAAAAAQAgAFCcJwAmvuoAKwAzAAo/ewAKPp8ACTZsAAk2awACZvkAAgCDTWFjaW50b3NoIEhEOlVzZXJzOgBwaWVycmUtbG91aXNzdGVuZ2VyOgBEb2N1bWVudHM6AENvdXJzIGZhYzoATWFzdGVyOgBTMzoAU3RhZ2UgTTI6AEJpYmxpb2dyYXBoaWU6AEtvaG5fR2Vub21pY3MtYW5kLWNvIzYyQjAxOC5wZGYAAA4AYgAwAEsAbwBoAG4AXwBHAGUAbgBvAG0AaQBjAHMALQBhAG4AZAAtAGMAbwBuAHMAZQByAHYAYQB0AGkAbwBuAC0AZwBlAG4AZQB0AGkAYwBzAF8AMgAwADAANgAuAHAAZABmAA8AGgAMAE0AYQBjAGkAbgB0AG8AcwBoACAASABEABIAf1VzZXJzL3BpZXJyZS1sb3Vpc3N0ZW5nZXIvRG9jdW1lbnRzL0NvdXJzIGZhYy9NYXN0ZXIvUzMvU3RhZ2UgTTIvQmlibGlvZ3JhcGhpZS9Lb2huX0dlbm9taWNzLWFuZC1jb25zZXJ2YXRpb24tZ2VuZXRpY3NfMjAwNi5wZGYAABMAAS8AABUAAgAa//8AAIAG0hscHR5aJGNsYXNzbmFtZVgkY2xhc3Nlc11OU011dGFibGVEYXRhox0fIFZOU0RhdGFYTlNPYmplY3TSGxwiI1xOU0RpY3Rpb25hcnmiIiBfEA9OU0tleWVkQXJjaGl2ZXLRJidUcm9vdIABAAgAEQAaACMALQAyADcAQABGAE0AVQBgAGcAagBsAG4AcQBzAHUAdwCEAI4A0gDXAN8DZwNpA24DeQOCA5ADlAObA6QDqQO2A7kDywPOA9MAAAAAAAACAQAAAAAAAAAoAAAAAAAAAAAAAAAAAAAD1Q==}}
